3102 4912
729 573 768 636 19

277 789 390 871 Itaque
413 786 646 854 Demosthenes
670 786 750 853 haec
775 786 938 871 prooemia
968 785 1033 851 iam
1064 785 1186 869 aliquot
1214 785 1306 852 annis

188 904 285 990 princ,
310 924 405 986 quam
422 904 648 987 rempublicam
667 910 859 987 capesseret,
883 901 1059 969 confecisse
1075 902 1153 968 mihi
1169 902 1325 978 videtur„

276 1019 367 1097 Quae
385 1040 453 1086 cum
470 1019 516 1084 ita
532 1019 605 1103 sint,
622 1019 718 1086 facile
735 1019 967 1104 intellegemus,
986 1019 1192 1101 quamobrem
1209 1039 1304 1084 unum

187 1137 237 1202 vel
261 1137 396 1202 alterum
419 1135 452 1200 in
477 1135 648 1219 prooemiis
665 1133 759 1200 huius
777 1135 973 1201 collectionis
991 1135 1033 1200 sit
1048 1134 1305 1219 vituperandum,

187 1251 271 1317 unde
296 1252 415 1318 factum
439 1258 496 1335 est,
523 1259 556 1317 nt
580 1251 795 1336 compluribus
813 1251 992 1317 criticorum
1009 1251 1096 1317 velut
1119 1251 1306 1334 DobraeJo

188 1366 398 1454 (Adversaria
411 1367 459 1434 ed.
472 1369 540 1434 Jao.
559 1367 827 1451 Scholefield,
852 1374 873 1432 t.
894 1369 916 1451 I,
934 1388 963 1451 p.
979 1366 1059 1452 520)
1076 1374 1144 1432 tote
1161 1368 1306 1433 collectio

187 1484 396 1569 suppositicia
425 1505 495 1550 esse
524 1483 695 1550 videretur.
746 1485 828 1550 Nam
861 1505 928 1549 oum
960 1483 1017 1548 illa
1046 1483 1307 1549 aDemosthene

187 1609 320 1666 exarata
343 1601 420 1685 sint,
451 1620 514 1683 quo
542 1607 685 1684 tempore
709 1599 762 1665 hic
785 1599 882 1666 etiarn
906 1589 1060 1665 Haerebat
1083 1599 1116 1664 in
1141 1599 1305 1683 tirociniis,

187 1716 263 1798 quid
287 1717 410 1801 mirum,
434 1717 463 1783 si
485 1716 518 1780 in
543 1716 590 1782 eis
614 1715 773 1799 quaedam
796 1723 879 1800 sunt,
905 1736 988 1798 quae
1012 1715 1255 1803 reprehendas?

277 1835 313 1900 G.
330 1833 368 1898 H.
387 1833 533 1898 Schaef
537 1853 637 1916 erus,
658 1833 712 1915 qui
729 1832 852 1917 (appar.
872 1832 941 1899 crit.
953 1833 990 1897 Τ.
1006 1834 1040 1897 V.
1054 1852 1084 1916 p.
1099 1833 1160 1897 661
1175 1840 1207 1898 et
1223 1832 1320 1916 693)·

187 1948 270 2015 hano
294 1949 511 2015 collectionem
531 1949 811 2015 Demosthenicam
828 1969 899 2015 esse
918 1947 1099 2046 contendat,
1123 1949 1156 2012 in
1181 1947 1304 2014 duobus

186 2066 369 2150 prooemiis,
396 2067 465 2130 LlV
490 2072 522 2131 et
545 2067 609 2149 LV,
634 2064 773 2131 offendit,

275 2180 417 2258 Quorum
440 2183 575 2247 alterum
599 2189 780 2265 suspectum
805 2202 876 2246 esse
898 2181 928 2246 ei
943 2180 1080 2266 videtur,
1105 2180 1189 2263 quod
1205 2181 1238 2246 in
1255 2201 1302 2266 eo,

187 2306 222 2364 ut
245 2297 357 2382 opinor
381 2319 452 2364 cum
477 2297 639 2363 Blassio
664 2297 698 2382 (l.
716 2297 734 2362 l.
752 2318 781 2381 p.
799 2300 862 2362 286
880 2296 1056 2384 humeth),
1082 2299 1180 2364 semel
1205 2305 1303 2380 atque

185 2415 301 2481 iterum
323 2414 453 2481 uomina
476 2413 636 2479 adiectiva
660 2421 733 2479 sunt
757 2421 954 2479 coacervata.

274 2533 364 2598 Haec
387 2530 501 2616 dictio,
530 2550 722 2613 quamquam
747 2531 979 2596 Demosthenes
1002 2530 1034 2595 in
1059 2529 1173 2596 ceteris
1206 2531 1302 2596 orati-

186 2649 301 2715 onibus
327 2649 368 2714 ab
398 2667 437 2712 oa
467 2647 591 2712 alienus
623 2655 687 2732 est,
720 2654 825 2712 tamen
851 2667 870 2712 a
894 2646 1123 2712 consuetudine
1147 2646 1301 2712 sermonis

186 2763 303 2831 Graeci
326 2784 389 2829 non
413 2762 571 2829 abhorret.

277 2879 369 2946 Unde
386 2879 532 2964 efficitur,
557 2888 591 2945 ut
607 2900 670 2945 non
686 2879 737 2963 sit,
760 2900 814 2944 cur·
830 2878 908 2944 illud
935 2879 1131 2963 prooemium
1158 2878 1304 2964 supposi-

186 2996 294 3062 ticium
318 3016 390 3063 esse
415 2995 641 3062 existimemus

275 3113 388 3196 Neque
413 3113 608 3197 prooemium
630 3113 684 3178 LV
707 3113 756 3178 vir
779 3112 832 3177 ille
857 3111 1061 3178 doctissimus
1078 3111 1305 3178 Demosthenis

188 3249 258 3296 esse
271 3229 442 3314 existimat,
458 3227 543 3312 quod
557 3230 644 3294 color
656 3228 810 3294 orationis
827 3228 997 3294 abhorreat
1013 3249 1033 3293 a
1047 3227 1304 3294 Demosthenico.

276 3346 463 3412 Blassius
480 3344 609 3428 quidem
627 3344 887 3411 Sohaeferum
904 3345 935 3408 in
953 3344 1074 3410 verbis:
1096 3337 1203 3430 ὅραμα
1218 3343 1305 3409 τοῦτ’

187 3461 331 3526 ἐποιεῖτο
360 3451 377 3528 d
401 3462 502 3549 δῆμος
532 3451 630 3526 αἰτοῦ
662 3500 700 3508 -
729 3452 833 3546 χώραν
861 3448 1032 3526 o'rrc'leorov
1060 3456 1185 3543 ἔχουσιν
1212 3447 1304 3524 edroi

186 3575 404 3660 τετελεσμένοι
428 3577 600 3644 offendisse
624 3577 805 3643 arbitratur.

275 3696 319 3759 At
341 3714 402 3777 ego
425 3693 458 3758 iu
483 3692 533 3759 his
549 3694 656 3759 verbis
680 3692 758 3758 nihil
782 3693 914 3759 absurdi
938 3715 1008 3759 esse
1028 3692 1182 3759 existimo.
1222 3695 1305 3758 Nam

187 3802 292 3894 ὅραμα
315 3809 565 3893 intellegendum
590 3816 638 3875 est
660 3810 833 3893 passivum,
858 3816 893 3874 ut
909 3809 961 3874 hio
977 3811 1082 3875 locus:
1106 3795 1175 3873 ἀλλ’
1201 3799 1306 3892 ὅραμα

187 3927 283 3990 τοῦτο
308 3923 453 3991 ἐποιεῖτο
477 3915 494 3990 ὃ
518 3926 620 4012 δῆμος
644 3915 743 3990 αὑτοῦ
770 3920 869 3991 καλὸν
991 3923 1046 3990 καὶ
1074 3923 1237 4001 λυσιτελὲς
1266 3927 1306 4012 τῇ

189 4032 293 4122 πόλει,
318 4041 470 4108 reddatur
494 4042 623 4107 Latine:
656 4043 872 4125 spectaculum
902 4041 963 4107 hac
995 4062 1028 4106 re
1053 4042 1188 4126 populus
1212 4061 1303 4124 prae-

188 4157 256 4223 buit
287 4157 336 4222 sni
366 4159 565 4242 praeclarum
594 4165 626 4224 et
658 4158 735 4224 utile
767 4157 977 4243 reipublicae,
1009 4159 1195 4222 vernacule:
1229 4159 1305 4222 abor

188 4273 330 4340 dadurch
363 4273 465 4360 (quod
492 4274 533 4360 ii,
564 4274 618 4358 qui
649 4275 877 4358 rempublicam
909 4274 1147 4358 gubernabant,
1176 4275 1305 4338 fuerunt

188 4389 382 4456 considerati
411 4399 508 4474 atquc
538 4391 629 4474 probi
660 4391 782 4474 cives,
817 4412 897 4474 non,
930 4399 964 4456 ut
995 4412 1035 4456 ex
1059 4390 1120 4512 hpe
1144 4388 1304 4473 prooemio
1338 4425 1340 4430 ·

1053 4482 1073 4542 2
