3102 4912
831 539 874 606 34

772 631 930 639 -—-———-

291 751 359 820 sive
383 752 505 819 eisdem
529 752 597 819 sive
620 752 777 820 similibus
801 754 907 821 verbis
930 753 964 819 in
988 753 1061 822 aliis
1077 753 1275 824 orationibus
1296 763 1412 841 postea

290 869 408 936 habitis
431 876 636 953 repetuntur,
668 868 702 933 id
725 868 804 934 nihil
829 877 877 936 est
901 869 1024 936 mirum.
1070 871 1154 936 Nam
1177 871 1258 938 baeu
1281 893 1410 956 quoque

290 985 459 1050 maximam
483 992 608 1070 partem
638 1006 678 1052 ex
707 985 787 1052 loois
811 986 1031 1052 communibus
1055 995 1221 1072 constant,
1255 988 1339 1054 unde
1363 988 1410 1072 lit,

289 1109 324 1167 ut
347 1100 380 1165 in
405 1100 600 1185 quibuslibet
616 1100 813 1168 orationibus
830 1101 978 1168 adhiberi
994 1103 1163 1186 potuerint.
1213 1103 1278 1168 Sed
1300 1125 1411 1170 omnes

290 1221 356 1284 lero
372 1218 459 1284 loeus
476 1217 588 1283 borum
604 1218 838 1301 prooemiorum
862 1217 961 1282 nihilo
987 1219 1090 1284 minus
1115 1239 1209 1300 quarn
1235 1227 1412 1285 ceterorum

288 1334 321 1399 in
345 1333 417 1400 aliis
441 1333 584 1418 partibus
608 1333 804 1418 orationum,
830 1353 892 1398 non
916 1332 948 1398 in
974 1332 1145 1417 prooemiis
1169 1342 1337 1419 usurpatos
1361 1336 1409 1400 vi-

289 1449 410 1516 demus.
457 1449 536 1515 Loci
558 1457 666 1515 autem
690 1457 765 1515 sunt
788 1449 839 1515 hi:

334 1567 476 1632 Prooem.
501 1564 570 1631 Vll.
597 1567 691 1649 1423,
718 1568 751 1631 1:
781 1561 821 1630 Oi

288 1678 346 1764 μέν
362 1679 577 1759 ἐπαινοῦντες,
598 1667 669 1745 nib.
683 1668 730 1747 Ἀ.
746 1675 821 1757 τοὺς

288 1788 468 1883 προγόνους
489 1786 578 1879 ὑμῶν
601 1787 698 1883 λόγον
716 1793 822 1862 εἰπεῖν

287 1936 344 1996 μοι
369 1913 500 1977 δοκοῦσι
522 1917 754 1999 προαιρεῖσθαι
770 1936 821 1977 κε-

286 2025 485 2114 χαρισμένον,
495 2015 531 2092 ob
539 2022 604 2115 μὴν
616 2019 822 2115 συμφέροντά

287 2167 323 2230 γε
345 2141 488 2222 ἐκείνοις,
513 2131 566 2221 οὓς
588 2134 817 2229 ἐγκωμιάζουσι

289 2263 403 2326 ποιεῖν.
427 2257 503 2346 περί
531 2254 591 2346 γὰρ
621 2250 821 2345 πραγμάτιον

287 2374 497 2464 ἐγχειροῦντες
528 2363 571 2440 ὧν
602 2362 668 2440 οὐδ’
705 2365 745 2439 άν
775 2365 820 2451 εἷς

287 2479 384 2570 άξίως
410 2489 585 2580 ἐφικέσθαι
614 2483 746 2556 δόναιτο
774 2492 820 2577 τῷ

287 2599 382 2695 λόγῳ,
399 2595 493 2672 αότοί
509 2605 567 2690 μέν
583 2608 640 2672 τοῦ
657 2597 819 2671 δόνασδαι

287 2721 389 2808 λέγειν
412 2714 508 2801 δόξαν
531 2719 737 2810 ἐκφέρονται,
761 2715 820 2809 τὴν

287 2837 314 2904 δ’
338 2835 466 2904 ἐκείνων
485 2825 600 2926 άρετὴν
616 2829 739 2903 ἐλάττω
762 2839 820 2924 τῆς

286 2944 523 3042 ὑπειλημμένης
536 2947 626 3041 παρά
642 2957 711 3031 τοῖς
723 2939 819 3018 άκοό-

287 3091 358 3136 ουσι
390 3067 568 3160 φαίνεσθαι
604 3071 754 3134 ποιοῦσιν
788 3078 817 3134 el

286 3207 425 3272 prooem.
458 3188 511 3251 lX.
540 3189 637 3269 1425,
672 3189 756 3251 1-7
785 3195 820 3261 et

287 3323 426 3386 prooem.
451 3303 666 3385 1111111429,
690 3305 815 3367 17-21

287 3427 318 3485 et
342 3418 751 3502 prooem.XXXll.1441,
778 3420 816 3481 11

288 3537 378 3600 -13
418 3542 450 3600 et
479 3533 625 3618 ¹prooem.
665 3533 819 3600 XXXlll.

288 3652 548 3734 rmum-m

921 1564 1410 1650 mmmmm

876 1671 1003 1768 εόήσετε
1031 1675 1085 1745 διὰ
1114 1674 1189 1758 τοὺς
1218 1679 1411 1770 χαρίζεσθαι

875 1797 999 1879 μᾶλλον
1021 1786 1043 1884 ἢ
1066 1790 1108 1861 τά
1130 1795 1285 1883 βέλτιστα
1307 1794 1413 1884 λέγειν

877 1909 1159 1998 προαιρουμένοις,
1183 1899 1226 1978 τόν
1242 1935 1324 1989 τινες
1339 1911 1411 1996 μέν,

876 2014 902 2091 τό
925 2019 953 2093 ά,
973 2015 1032 2105 ’A.‚
1057 2027 1090 2093 ἐν
1113 2018 1162 2104 οἷς
1185 2015 1411 2110 είδοκιμοόσιν

876 2129 969 2208 absol
1003 2141 1059 2208 καί
1097 2135 1267 2223 δόνανται,
1306 2145 1412 2208 ταῦτα

876 2251 1092 2347 φυλάττοντες
1139 2247 1289 2342 οὐδεμίαν
1333 2257 1411 2343 περὶ

875 2377 939 2440 τῶν
954 2367 1137 2458 μελλόντων
1150 2367 1305 2463 πρόνοιαν
1319 2369 1411 2456 ἐγευ-

875 2512 926 2556 σιν
955 2515 983 2555 κ.
1008 2513 1035 2555 τ.
1060 2490 1089 2555 λ.
1120 2499 1151 2557 et
1178 2498 1256 2556 orat.
1288 2491 1328 2556 de
1352 2491 1408 2556 lib.

874 2605 975 2672 Rhod.
999 2608 1073 2690 201,
1091 2609 1127 2672 2:
1151 2603 1410 2689 ἐνθυμουμένους

874 2713 925 2787 ὅτι
940 2718 1057 2808 χαίρετ’
1069 2709 1250 2799 άκοόοντες,
1267 2713 1345 2786 ὅταν
1357 2745 1409 2798 τις

874 2836 991 2926 ἐπαινῇ
1019 2830 1094 2915 τοὺς
1118 2829 1295 2924 προγόνους
1318 2827 1409 2920 ’ὑμῶν

874 2953 929 3018 καὶ
960 2947 1001 3018 τὰ
1030 2949 1243 3040 πεπραγμένα
1273 2948 1408 3028 ἐκείνοις

875 3065 974 3158 διεξίῃ
990 3067 1043 3134 καί
1060 3063 1102 3134 τὰ
1117 3060 1261 3155 τρόπαια
1277 3065 1353 3155 λέγῃ
1374 3077 1407 3132 et

875 3193 953 3251 orat.
991 3184 1120 3269 Olyntb.
1161 3186 1213 3248 lll.
1250 3187 1309 3268 31,
1346 3187 1405 3250 14:

874 3289 956 3366 άλλά
984 3296 1111 3366 δικαίου
1141 3295 1280 3364 πολίτου
1307 3295 1406 3386 κρίνω

873 3411 932 3504 τὴν
948 3418 1012 3482 τῶν
1028 3406 1227 3503 πραγμάτων
1244 3410 1407 3502 σωτηρίαν

872 3521 945 3598 άντί
968 3533 1025 3620 τῆς
1048 3530 1081 3596 ἐν
1096 3531 1142 3618 τῷ
1158 3521 1406 3617 λέγεινχάριτος

873 3645 1048 3735 αἱρεῖσθαι.
1075 3645 1131 3712 καί
1158 3640 1218 3735 γάρ
1249 3640 1324 3722 τοὺς
1347 3643 1405 3709 ἐπὶ

873 3766 937 3829 τῶν
960 3753 1128 3852 προγόνιον
1143 3752 1234 3850 ἡμῶν
1272 3743 1405 3847 Ιέγοντοις

872 3867 989 3959 άκοόω,
1013 3857 1324 3964 mensuralibus,
1351 3862 1406 3951 οὓς

871 3992 1041 4060 ἐπαινοῦσι
1076 3991 1134 4076 μέν
1169 3987 1200 4058 οἱ
1232 4014 1259 4056 π

871 4103 1013 4188 ἅπαντες
1036 4135 1063 4176 κ.
1076 4132 1103 4176 τ.
1116 4109 1143 4176 λ.
1168 4117 1200 4176 et
1223 4129 1259 4174 01
1269 4117 1307 4176 at.
1325 4106 1405 4172 Phil.

872 4229 910 4294 ll.
935 4228 990 4312 68,
1022 4228 1075 4294 17;
1107 4223 1163 4290 καὶ
1189 4219 1262 4307 μετ’
1306 4223 1407 4288 ταῦτα

872 4334 1056 4429 πράξαντας
1070 4338 1166 4406 ταῦθ’
1180 4327 1201 4405 δι
1215 4331 1262 4404 πά
1291 4361 1338 4416 τες
1348 4334 1407 4421 μέν
