3102 4912
712 591 870 689 „ls-

321 805 388 872 Scd
409 804 466 871 vix
488 804 567 871 illud
592 804 707 870 bellum
731 805 909 870 coniectum
932 810 1016 887 erat,
1048 822 1118 870 cum
1141 823 1181 869 ex
1205 803 1351 870 omnihus

231 922 299 988 fere
323 921 522 1005 civitatibus,
554 941 636 1003 quae
668 920 762 986 modo
790 920 831 985 ab
862 919 1110 987 Atheniensibus
1139 918 1351 1004 desciverant,

231 1037 396 1122 popularis
420 1037 591 1121 potestatis
608 1035 704 1102 amici
726 1035 907 1120 asingulis,
932 1036 987 1118 qui
1015 1055 1120 1101 rerum
1139 1036 1351 1119 potiebantur,

233 1155 386 1237 Mausolo,
412 1174 487 1236 rege
512 1152 635 1236 Cariae,
662 1159 795 1236 urgente
820 1159 893 1217 sunt
917 1151 1012 1218 eiecti
1022 1154 1055 1238 1).

323 1272 434 1352 ltaque
458 1271 499 1336 ab
524 1268 679 1335 insulanis
707 1267 748 1334 de
771 1268 896 1334 iniuriis
925 1268 1066 1352 acceptis
1097 1267 1249 1334 certiores
1277 1269 1352 1334 facti

233 1385 342 1454 statim
358 1386 483 1469 legatos
499 1384 542 1451 ad
560 1385 644 1451 hunc
661 1405 770 1468 regem
786 1383 949 1468 miserunt,
967 1385 1030 1469 qui,
1055 1404 1095 1449 ne
1111 1393 1222 1450 contra
1239 1382 1352 1451 foedus

233 1503 365 1581 faceret,
389 1501 606 1568 admonerent.
654 1500 720 1566 Sed
735 1500 870 1584 frustra;
894 1499 990 1566 immo
1007 1499 1068 1567 hae
1084 1501 1208 1566 insulae
1232 1501 1263 1564 in
1284 1500 1352 1566 eius

234 1625 427 1702 potestatem
451 1624 524 1684 sunt
548 1616 698 1683 redactae
710 1617 745 1702 2).

323 1736 435 1817 ltaque
452 1732 579 1817 Rhodii,
603 1754 673 1799 cum
690 1733 736 1798 eis
754 1753 794 1798 nc
810 1741 933 1799 mortuo
950 1732 1079 1817 quidem
1095 1732 1150 1798 illo
1167 1753 1243 1817 rege
1262 1732 1354 1818 copia

235 1850 346 1916 domos
370 1848 526 1916 redeundi
549 1850 637 1915 t'acta
661 1856 756 1933 esset,
781 1848 995 1915 Athenienses
1019 1848 1124 1915 denuo
1148 1848 1298 1916 adierunt
1321 1855 1353 1914 et

235 1973 416 2051 oraverunt,
440 1973 475 2031 ut
499 1965 562 2031 sibi
584 1965 736 2030 auxilium
761 1965 887 2031 ferrent.

325 2082 417 2149 Unde
440 2083 634 2166 factumest,
659 2089 693 2146 ut
710 2080 943 2147 Demosthenes
959 2080 1092 2147 haberet
1116 2081 1292 2147 oraticnem
1314 2080 1356 2146 de

236 2200 384 2266 libertate
406 2197 610 2264 Rhodiorum.
704 2206 709 2214 “

325 2315 398 2382 Jam
422 2314 449 2379 si
473 2314 544 2397 quis
569 2312 764 2399 prooemium
788 2313 896 2410 XXiV
920 2313 1016 2398 leget,
1041 2313 1120 2378 nihil
1144 2312 1175 2377 in
1200 2333 1238 2380 eo
1264 2333 1353 2397 repc-

121 2435 129 2452 “
237 2432 305 2516 riet,
330 2429 415 2515 quod
438 2431 481 2496 ad
504 2431 586 2496 hanc
609 2451 675 2496 rem
699 2451 762 2496 non
786 2430 963 2496 conveniat.

325 2548 419 2613 Velut
443 2554 550 2613 orator
570 2548 697 2630 legatos
713 2545 909 2612 Rhodiorum
925 2546 1095 2631 vituperat,
1119 2544 1205 2628 quod
1222 2545 1352 2611 Atheni·

237 2684 331 2731 enses
355 2662 473 2729 iniuste
496 2663 727 2728 accusaverint.

327 2781 415 2846 Haec
439 2778 602 2845 accusatio
626 2777 705 2843 mihi
729 2777 858 2861 quidem
881 2778 914 2843 id
938 2786 1085 2862 spectare
1109 2778 1244 2862 videtur,
1270 2778 1356 2863 quod

238 2896 450 2962 Athenienses
473 2893 607 2961 Rhodiis
631 2916 694 2961 nou
717 2895 781 2959 iam
805 2894 928 2980 pridem
952 2902 1107 2961 venerunt
1130 2896 1259 2964 arixilio.

328 3013 409 3078 Tum
430 3019 537 3078 orator
556 3010 754 3077 demonstrat
770 3010 982 3076 Athenienses
999 3012 1119 3095 optimo
1135 3011 1203 3077 iure
1220 3012 1356 3078 affectos

239 3149 310 3195 esse
333 3127 474 3193 maxima
496 3127 717 3210 indignatione
741 3128 773 3191 in
797 3125 955 3211 Rhodios,
982 3147 1115 3210 quorum
1139 3148 1190 3194 res
1214 3128 1259 3194 eis
1284 3129 1355 3213 plus

238 3244 360 3328 negotii
384 3245 547 3309 facessant
572 3263 667 3325 quarn
691 3263 783 3324 suae;
807 3263 880 3308 nam
904 3242 973 3328 hos,
998 3244 1269 3326 quotienscunque
1299 3264 1356 3310 suo

240 3361 342 3426 Marte
366 3360 482 3425 bellum
506 3359 674 3443 gesserint,
698 3359 818 3424 abillis
835 3359 875 3424 de
895 3359 1074 3425 temeritate
1091 3381 1130 3427 ac
1146 3360 1356 3444 perversitate

238 3475 395 3542 deductos
420 3495 491 3541 csse
515 3482 547 3540 et
571 3475 634 3540 iarn
658 3495 755 3559 saepe
779 3482 933 3542 servatos.

329 3589 452 3670 Quibus
478 3591 585 3657 verbis
617 3599 725 3658 orator
755 3598 787 3656 ct
815 3591 915 3674 bella,
947 3610 1030 3673 quae
1060 3590 1176 3657 Rhodii
1208 3592 1291 3657 inter
1321 3613 1356 3658 sc

240 3714 418 3791 gesserunt,
444 3715 476 3774 et
492 3706 704 3773 defectionem
728 3708 769 3772 ab
792 3706 1051 3791 Atheniensibus,
1077 3727 1172 3790 quam
1189 3708 1302 3773 iterum
1319 3729 1357 3773 ac

240 3825 369 3909 saepius
392 3823 493 3890 moliti
516 3831 599 3908 sunt,
624 3823 795 3907 designare
819 3823 960 3889 videtur..

329 3940 435 4023 Atque
459 3960 500 4005 ex
529 3939 619 4005 initio
645 3940 811 4024 prooemii,
843 3940 897 4005 ubi
928 3947 1035 4005 orator·
1058 3939 1134 4023 sihi,
1165 3960 1358 4023 quamquam

241 4057 376 4142 primum
400 4055 486 4141 apud
509 4057 661 4140 populum
686 4056 900 4140 contionctur,
922 4055 960 4120 ‘in
984 4054 1045 4122 hac
1070 4076 1167 4122 causa
1190 4056 1356 4138 ignoscen-

335 4247 359 4308 1)
383 4242 460 4296 Dcm.
481 4258 517 4296 or.
538 4242 563 4296 d,
582 4242 600 4295 l.
621 4241 674 4295 Rh.
697 4245 753 4306 191,
777 4245 822 4307 11;
845 4246 903 4307 191,
926 4245 1098 4309 12;196,1.
1135 4241 1214 4295 Diod.
1237 4247 1276 4305 15,
1297 4246 1340 4296 95,

332 4333 359 4397 2)
382 4331 457 4384 Dcm.
478 4347 515 4385 or.
535 4331 560 4384 d,
580 4330 598 4384 l.
617 4329 668 4383 Rh.
693 4333 749 4394 191,
772 4335 820 4399 14,
847 4335 905 4394 191,
926 4335 973 4393 2u;
1005 4334 1061 4393 198,
1084 4334 1131 4396 18,
1155 4347 1193 4383 or.
1216 4347 1238 4384 c,
1258 4329 1358 4384 Timoc.

244 4424 303 4484 703,
323 4425 358 4474 20
376 4423 404 4472 ct
422 4420 505 4473 schol.
525 4419 575 4472 AR
593 4420 725 4488 principio
745 4420 881 4473 orationis.
