3102 4912
251 1323 487 1450 Appendioem
520 1363 613 1430 huius
646 1363 844 1447 quaestionis
876 1363 918 1428 ad
950 1361 1078 1447 singula
1109 1362 1282 1448 prooemia,

162 1502 297 1565 quorum
314 1488 434 1547 textum
453 1480 687 1564 desumpsimus
712 1501 752 1545 ex
777 1478 919 1546 editione
941 1478 1157 1565 Dindort'ii‚
1183 1499 1281 1544 auno-

161 1598 300 1664 tationes
324 1597 452 1664 oritioas
476 1604 509 1662 et
532 1597 717 1681 exegetioas
742 1596 826 1661 inita
849 1595 1029 1662 afferemus.

506 1775 864 1858 Prooemium
895 1777 938 1858 1.

252 1934 381 2001 Initium
413 1933 505 2000 huius
535 1932 692 2018 prooemii
727 1953 827 2016 usquo
862 1933 905 1999 ad
937 1936 1039 2018 1418,
1074 1935 1133 1999 23:
1168 1927 1279 2020 ἐπειδὴ

161 2049 191 2116 ‹i'
207 2040 250 2128 ὡς
273 2044 415 2129 ἅπαντες
437 2039 524 2137 ὁρᾶτ’
550 2049 650 2115 etiieit
665 2049 862 2134 prooemium
880 2049 1035 2115 orationis
1050 2049 1132 2114 Phil.
1146 2050 1170 2134 Ι,
1194 2048 1282 2131 quod

160 2187 263 2250 usque
287 2166 329 2232 ad
356 2169 450 2244 1418,
477 2161 534 2233 19':
567 2159 679 2252 ἐπειδη
706 2163 741 2230 δὲ
765 2163 839 2250 περὶ
863 2152 906 2230 ὧν
930 2165 972 2232 ad
995 2165 1127 2231 verbum
1149 2186 1193 2231 ex
1216 2166 1279 2232 ool·

163 2283 299 2348 lectione
323 2291 483 2367 sumptum
508 2289 565 2364 est,
590 2281 651 2348 nisi
677 2280 769 2364 quod*
784 2282 867 2347 iuter
890 2265 954 2346 τῶν
977 2278 1142 2368 ῥηθέντων
1166 2281 1197 2346 in
1220 2280 1282 2346 hoo

161 2389 227 2464 ύπό
254 2389 378 2464 τούτων
411 2407 460 2464 est
491 2398 638 2482 positum.
695 2397 773 2462 Inde
806 2405 912 2462 orator
942 2397 1117 2481 compluria
1147 2396 1282 2462 mutavit

161 2516 263 2581 verba
286 2515 374 2600 aliis,
399 2535 480 2596 quae
496 2514 551 2579 ilii
575 2513 617 2580 ad
640 2513 837 2598 prooemium
862 2512 954 2579 huius
979 2513 1132 2580 orationis
1156 2511 1282 2598 aptiora

162 2651 234 2697 esse
250 2630 458 2713 videbantur3
484 2651 557 2695 nam
573 2651 630 2714 pro
655 2628 729 2717 περὶ
753 2621 877 2694 τούτων
892 2627 961 2694 νυνὶ
976 2633 1130 2695 σκοπεῖτε
1153 2628 1282 2713 scripsit

162 2742 331 2832 συμβαίνει
354 2744 409 2811 καὶ
433 2744 500 2811 νυνὶ
524 2749 660 2811 σκοπεῖν
683 2753 715 2811 et
731 2766 788 2829 pro
808 2739 889 2827 μετὰ
905 2736 1038 2823 τούτους
1058 2746 1164 2811 δοκεῖν
1178 2741 1281 2831 λέγειν

162 2863 299 2946 legimus
321 2854 508 2949 συγγνώμης
531 2854 683 2944 ττχάνειν.
730 2863 900 2926 Praeterea
923 2861 955 2926 in
978 2861 1066 2928 loeo:
1094 2858 1122 2927 εἰ
1144 2858 1204 2944 μὲν
1227 2847 1282 2925 οὖν

162 2972 225 3060 εἶχε
247 2978 353 3056 καλῶς
376 2972 417 3042 τὰ
434 2970 623 3065 πράγματα,
649 2964 740 3042 ούόὲν
762 2968 801 3042 ἂν
823 2972 887 3042 ἔδει
909 2968 1136 3062 συμβουλεύειν
1158 2977 1280 3061 posuit:

161 3091 190 3160 εὶ
214 3088 273 3180 γὰρ
296 3093 332 3160 ἐκ
354 3097 413 3160 τοῦ
436 3085 704 3181 παρεληλυθότος
726 3084 838 3180 χρόνον
861 3086 903 3156 τὰ
927 3090 1042 3158 δέοντα
1073 3078 1163 3158 οὗτοι
1190 3113 1281 3157 συνε-

161 3200 348 3295 βούλευσαν,
374 3195 466 3275 ούόὲν
489 3200 528 3274 ἂν
550 3199 632 3291 ’ὑμᾶς
656 3211 709 3273 νῦν
733 3203 796 3274 ἔδει
820 3199 1041 3293 βουλεύεσθαι.
1068 3246 1109 3254 -

254 3329 348 3410 1418,
376 3325 428 3413 17]
451 3327 515 3389 τῶν
539 3315 707 3391 εἰωθότων
733 3362 772 3370 -
797 3313 865 3390 seii.
890 3314 1015 3412 γνώμην
1031 3311 1281 3412 ἀποφήνασθαι.

98 3456 102 3464 ·
161 3441 373 3508 Reiskius.

253 3560 349 3637 1418,
365 3556 420 3644 22]
442 3550 524 3640 μετὰ
539 3547 674 3634 τούτους
698 3595 739 3603 -
763 3554 932 3622 Reiskio
956 3555 1031 3622 olim
1048 3549 1132 3621 κατὰ
1147 3547 1281 3634 τούτους

162 3673 263 3740 fuisse
281 3672 417 3757 videtur,
443 3672 529 3756 quod
545 3672 692 3756 equidem
710 3693 802 3756 nege.
848 3671 928 3737 Mihi
947 3665 1029 3754 μετὰ
1044 3662 1178 3749 τούτους
1194 3681 1280 3738 reete

161 3811 197 3858 se
220 3789 340 3856 habere
356 3783 492 3873 uidetur,
517 3796 552 3855 ut
567 3787 620 3854 hio
635 3789 723 3855 loeus
742 3786 1001 3872 interpretandus
1025 3786 1068 3854 sit
1090 3796 1188 3872 post
1211 3788 1279 3873 hos

161 3927 224 3971 non
248 3904 456 3972 seeundum
474 3903 542 3990 hos,
566 3913 600 3971 ut
623 3904 791 3970 Wolfius
816 3902 988 3970 contendit.
1035 3902 1158 3982 Quibus
1175 3903 1281 3970 verbis

161 4022 241 4087 haee
264 4021 425 4088 sententia
448 4028 497 4087 est
526 4020 727 4087 subicienda:
762 4018 937 4105 Quoniam,
970 4019 1085 4103 quibus
1113 4018 1153 4086 de
1185 4021 1280 4087 rebus

160 4136 225 4203 iam
249 4144 346 4203 antea
368 4137 402 4201 hi
425 4144 568 4203 oratores
599 4157 696 4221 saepe
724 4136 823 4202 verba
854 4137 1013 4221 iecerunt,
1044 4134 1085 4201 do
1116 4134 1166 4202 his
1197 4156 1281 4202 nuno

161 4252 361 4337 consultatis,
386 4260 459 4337 post
476 4253 534 4319 hos
550 4274 600 4319 me
618 4252 793 4318 orationem
810 4251 929 4318 habere
953 4270 1089 4336 aequum
1114 4272 1185 4318 esse
1202 4250 1280 4317 mihi

159 4368 305 4455 videtur,
336 4367 463 4436 etiamsi
493 4367 614 4453 primus
644 4367 726 4456 (soil.
751 4387 791 4434 ex
813 4367 870 4454 iis,
904 4367 959 4452 qui
982 4368 1023 4434 de
1046 4366 1160 4434 iisdem
1184 4367 1279 4435 rebus
