3102 4912
718 540 760 605 29

659 631 819 640 -η

218 985 361 1049 Ριουειυὲ
386 984 488 1048 XXX.
517 985 617 1068 1439,
646 985 706 1049 27:

173 1093 286 1186 ἐπειδη
312 1097 348 1164 δέ
375 1094 416 1164 τὰ
443 1097 501 1182 μὲν
528 1100 708 1187 παρεληλυ-

297 1203 413 1232 'Ru

108 1225 112 1232 '
171 1207 261 1280 θότα
274 1240 330 1281 ουκ
343 1241 382 1280 αν
394 1215 499 1292 αλλως
511 1211 577 1298 ἔχοι
594 1241 622 1280 ιι.
636 1239 664 1280 τ.
678 1216 705 1280 λ.

172 1339 206 1396 et
240 1352 379 1416 prooem.
415 1333 498 1398 XLI.
534 1334 634 1416 1449,
666 1335 707 1397 9:

172 1441 284 1534 ἐπειδη
311 1446 471 1512 δὲταῦτα
501 1445 559 1531 μὲν
588 1435 645 1513 υόκ
668 1439 707 1514 iv

172 1553 279 1642 όίλλως
303 1559 368 1646 έχοι
392 1589 420 1628 κ.
444 1585 473 1629 τ.
498 1564 526 1628 λ.

218 1681 362 1746 Ριοουιυ.
398 1681 502 1746 XXX.
537 1681 637 1764 1440,
668 1684 706 1747 6:

171 1787 268 1879 μόλις
304 1791 362 1883 γὰρ
398 1789 500 1874 οὕτως
538 1795 633 1874 ἐλπίς
671 1795 706 1861 ἐκ

171 1912 300 1978 πολλοῦ
330 1904 508 1991 διώκοντας
530 1907 572 1977 τὰ
597 1936 707 2000 προει-

170 2026 253 2111 μένα
275 2023 357 2094 ἑλεῖν
380 2029 568 2117 δυνηθῆναι.

217 2135 360 2210 Prooem.
392 2145 496 2212 XXX.
535 2149 636 2229 1440,
671 2147 706 2210 8:

171 2249 273 2327 ἔπειτ’
315 2248 372 2326 οόκ
413 2249 599 2349 ἀθυμητέον
636 2265 706 2339 τοῖς

171 2375 400 2465 γεγενημένοις·
423 2365 442 2443 3
465 2369 524 2464 γάρ
548 2373 617 2443 ἔστι
641 2379 704 2442 τῶν

172 2487 703 2581 παρεληλυθότωνχείριστον,τοῦ·

171 2633 210 2674 το
224 2604 306 2697 πρὸς
316 2604 357 2674 τὰ
366 2607 527 2693 μέλλοντα
536 2607 705 2696 βέλτιστον

171 2716 316 2814 όπόρχει.
333 2723 366 2791 τί
387 2711 442 2791 σόν
458 2713 543 2792 τοῦτ’
563 2725 658 2805 ἔστιν,
679 2710 705 2790 τό

171 2833 282 2930 όίνόρες
313 2829 506 2929 Ἀθηναῖοις
536 2833 585 2907 ὅτι
614 2829 705 2907 οὐδὲν

170 2949 259 3042 ὑμῶν
282 2961 347 3024 τῶν
362 2950 499 3025 δεόντων
523 2949 705 3024 ποιούντων

172 3077 279 3152 κακῶς
291 3069 353 3157 ἔχει
368 3069 410 3139 τὰ
427 3066 612 3161 πράγματα·
632 3071 704 3139 ἐπεὶ

171 3185 204 3256 εἴ
225 3214 259 3277 γε
282 3177 383 3256 πάνθ’
404 3178 586 3278 ἃπροσῆκε
602 3213 705 3274 πρατ-

171 3297 293 3372 τόντιον
317 3298 419 3384 οὕτως
443 3299 539 3389 εἶχεν,
568 3292 635 3371 oid'
665 3294 704 3370 όν

171 3419 266 3500 ἐλπίς
275 3407 315 3510 ἦν
323 3409 405 3487 aiv&
414 3419 565 3508 γενέσθαι
575 3416 703 3506 βελτίω.

762 746 822 837 γὰρ
845 753 892 838 τῷ
914 752 984 838 θεῷ
1007 744 1045 815 τὸ
1066 742 1183 816 τοότου
1206 748 1299 829 τέλος

764 852 811 955 ἧν,
837 854 894 932 οόκ
918 865 951 932 έν
975 862 1056 950 ἐμοί.

808 983 894 1050 Orat.
929 983 1050 1067 Olynth
1088 983 1144 1048 111.
1169 985 1227 1066 30,
1259 984 1297 1047 9:

762 1093 877 1182 τὰμὲν
894 1093 931 1187 οη
947 1091 1022 1164 τότε
1039 1095 1228 1186 πραχθέντα
1241 1086 1297 1162 οόκ
1368 1103 1372 1108 ’

762 1205 801 1280 όίν
825 1206 931 1292 όίλλως
954 1209 1018 1298 ἔχοι
1043 1197 1071 1279 ν..
1096 1238 1124 1280 τ.
1149 1214 1177 1279 λ.

807 1680 894 1748 Orat.
928 1679 1066 1765 Philipp.
1097 1681 1110 1745 Ι
1145 1682 1203 1763 51,
1238 1683 1297 1745 17:

761 1795 815 1862 καί
839 1791 881 1884 μη
907 1791 949 1862 τὰ
971 1787 1139 1881 συμβάντα
1156 1782 1296 1881 ἀναγκό-

761 1912 879 1993 ζωνται
902 1904 1040 1978 διώκειν.

806 2146 893 2214 Orat.
917 2143 1055 2229 Philipp.
1091 2147 1113 2211 1.
1146 2145 1202 2229 40,
1238 2149 1296 2210 11:

761 2263 898 2346 Πριῦτον
920 2259 978 2343 μὲν
1002 2247 1057 2326 οὖν
1081 2249 1139 2326 οόκ
1168 2248 1297 2348 ἆθυμη-

760 2375 841 2455 τέσν,
859 2360 885 2441 τό
901 2367 1011 2463 όνόρες
1024 2363 1209 2464 Ἀθηναῖοι,
1226 2381 1297 2454 τοῖς

762 2495 901 2579 παροῦσι
934 2484 1139 2578 πράγμασιν,
1172 2479 1241 2557 οὐδ’
1267 2489 1296 2558 εἰ

761 2600 847 2674 πάνυ
880 2600 1012 2697 φαόλως
1042 2602 1122 2690 ἔχειν
1155 2609 1253 2673 δοκεῖ.
1278 2595 1296 2674 3

761 2717 819 2812 γάρ
844 2723 913 2791 ε’στι
941 2720 1101 2807 χείριστον
1132 2711 1237 2790 αότῶν
1261 2722 1295 2790 ἐκ

759 2843 819 2906 τοῦ
861 2831 1129 2928 παρεληλυθότος
1171 2831 1295 2925 χρόνου,

760 2957 857 3022 τοῦτο
880 2951 962 3058 πρὸς
983 2950 1025 3022 τὰ
1045 2953 1206 3040 μέλλοντα
1222 2955 1295 3042 βέλ-

759 3093 871 3138 τιστον
898 3062 1041 3159 ὑπάρχει.
1072 3069 1105 3137 τί
1137 3059 1193 3137 σόν
1226 3069 1291 3137 ἐστι

760 3191 876 3268 τοῦτο,·
910 3181 960 3254 ὅτι
993 3176 1094 3268 οὐδὲν,
1128 3174 1154 3252 τό
1185 3177 1295 3274 όίνδρες

756 3292 944 3392 Ἀθηναῖοι,
974 3306 1039 3370 τῶν
1057 3295 1195 3370 δεόντων
1218 3328 1295 3369 ποι-

760 3412 881 3486 οόντων
903 3410 992 3503 ὑμῶν
1011 3421 1117 3498 κακῶς
1139 3415 1181 3484 τὰ
1210 3412 1295 3503 πρό-

759 3559 866 3622 γματα
882 3530 954 3618 ἔχει,
978 3532 1051 3601 ε’πεί
1067 3560 1119 3601 τοι
1137 3531 1165 3601 εί
1190 3521 1291 3600 πάνθ’

759 3640 937 3740 όίπροσῆκε
958 3643 1169 3739 πραττόντων
1193 3643 1294 3728 οὕτως

933 3755 1049 3789 >na

759 3761 848 3851 εἶχεν,
872 3755 930 3834 oid
969 3793 1008 3832 αν
1034 3765 1128 3844 ελπίς
1151 3751 1191 3854 ἦν
1211 3753 1294 3831 αότὰ

759 3880 878 3970 βελτίω
902 3881 1053 3970 γενέσθαι
1078 3891 1110 3950 et

760 4008 837 4067 orat.
867 3999 1005 4084 Philipp.
1036 3999 1089 4065 111.
1127 4001 1202 4080 111,
1234 4000 1292 4064 23:

759 4111 797 4182 τό
807 4112 967 4204 χείριστον
983 4114 1015 4181 ἐν
1030 4118 1100 4192 τοῖς
1113 4114 1294 4202 παρεληλυ-

758 4224 849 4312 θόσι,
872 4233 970 4297 τοῦτο
994 4225 1075 4319 πρὸς
1098 4225 1139 4295 τὰ
1158 4227 1293 4314 μέλλον-

759 4372 801 4413 τα
824 4345 994 4434 βέλτιστον
1019 4336 1161 4430 όπόρχει.
1184 4341 1217 4410 τί
1237 4331 1293 4410 σόν
