3102 4912
706 573 808 670 τι,

725 787 727 924 η
754 775 803 854 δεῖ
838 783 1001 872 γλίχονται
1037 785 1156 874 λέγειν,
1191 773 1289 868 άξίως

659 907 663 914 ’
754 903 781 969 δ’
818 891 923 982 οὗδείς
967 901 1072 970 εἰπεῖν
1110 897 1289 994 δεδύνηται,

725 930 727 1013 4
795 1011 803 1034 Ι
926 1008 935 1033 J
975 1015 982 1036 x
1152 1017 1158 1041 ι

724 1038 727 1162 η
754 1019 868 1108 διοπιρ
898 1043 987 1106 καγω
1018 1021 1215 1107 παραλειψω
1239 1022 1289 1087 δι-

802 1132 808 1156 Ι

210 1486 353 1552 Ρτοοεω.
389 1483 458 1550 VII.
497 1485 601 1569 1423,
641 1487 698 1551 16;

165 1589 698 1686 είδὲπαρελθιδνδστισοῦνδάναι-

164 1708 202 1783 τό
226 1740 258 1780 τι
283 1707 410 1794 διδάξαι
433 1713 488 1781 καί
513 1720 624 1782 πεῖσαι
648 1713 698 1795 τίς

165 1825 352 1922 παρασκευὴ
365 1829 421 1896 καί
430 1823 581 1926 πάσηιιαὶ
592 1825 698 1897 πάθεν

166 1953 367 2034 πορισθεῖσα
381 1940 536 2034 χρήσιμος
552 1944 642 2013 ἔσται
658 1950 698 2038 τῇ

165 2057 276 2144 πόλει,
300 2065 366 2142 πᾶς
390 2054 407 2130 δ
431 2059 544 2151 παριδν
567 2058 698 2130 λέλιται

165 2173 278 2268 φόβος.

211 2298 354 2363 Ρτοοεοι.
385 2297 473 2362 XXI.
504 2299 607 2379 1432,
640 2301 697 2363 19:

165 2407 228 2498 ἐγώ
244 2410 280 2477 δὲ
295 2404 454 2497 βούλομαι
473 2406 548 2490 τοὺς
565 2407 698 2499 ἐχθροὺς

164 2519 246 2611 ὑμᾶς
289 2515 506 2612 ἀμυνομένοις
552 2515 698 2616 ὀφθῆναι

165 2637 322 2731 πρότερον
344 2635 366 2731 ἢ
381 2639 457 2721 τοὺς
475 2641 614 2722 πολίτας
630 2641 699 2731 κρί-

165 2779 288 2838 νοντας·
320 2747 356 2824 οὗ
386 2754 446 2846 γάρ
480 2750 558 2846 ημῖν
588 2749 699 2838 αὐτοῖς

165 2876 320 2960 πολεμεῖν
354 2875 478 2959 μᾶλλον
511 2866 532 2962 ἢ
566 2873 700 2954 ἐκείνοις

165 2985 261 3074 ἐσμὲν
284 2989 416 3058 δίκαιοι.

210 3223 353 3290 Prooem.
384 3225 471 3290 XXI.
508 3226 607 3310 1432,
637 3227 697 3290 22:

165 3339 206 3404 ἵν’
230 3325 285 3404 οὖν
307 3336 367 3429 μη,
390 3333 429 3404 τὸ
452 3341 571 3428 ῥᾷστον
594 3330 699 3406 ἁπάν-

164 3480 239 3534 των,
263 3448 448 3544 ἕπιτιμήοω
468 3446 567 3538 μόνον
590 3480 658 3524 κ.τ.
671 3457 698 3524 λ.

210 3689 352 3754 Prooem.
385 3688 474 3754 XXI.
507 3691 609 3773 1432,
639 3690 697 3754 24;

629 3790 638 3816 )

164 3801 293 3891 δεηθείς
316 3792 404 3886 ὑμῶν
421 3797 464 3891 μὴ
490 3855 597 3872 ......
621 3828 698 3868 ανα-

165 3921 276 4007 βαλεῖν
300 3914 432 4003 νομίσαι
454 3942 495 4002 με
516 3945 544 3986 ν.
568 3943 595 3986 τ.
619 3920 647 3987 λ.

209 4037 352 4102 Prooem.
380 4036 468 4102 XXI.
503 4039 602 4120 1432,
636 4038 696 4101 25:

165 4139 202 4217 οὗ
226 4147 284 4238 γάρ
313 4147 343 4217 οἱ
372 4146 450 4234 ταχὺ
479 4149 532 4216 καί
560 4143 697 4239 τήμερον

164 4259 312 4345 είπίντες
334 4259 464 4351 μάλιστ’
488 4264 534 4345 εἰς
564 4261 601 4332 τὸ
626 4264 698 4334 δέον

164 4381 319 4470 λέγουσιν·
344 4371 380 4448 οὗ
402 4377 461 4472 γὰρ
478 4374 518 4448 δν
534 4375 574 4448 τά
589 4385 617 4470 γ’
634 4374 697 4472 ἤδη

753 1160 853 1212 καιως
866 1131 949 1219 (ἔστι
959 1131 1019 1223 γάρ
1027 1134 1124 1219 μείζω
1133 1124 1288 1202 τάκείνων

753 1247 829 1338 ἔργα
858 1243 880 1339 ἢ
908 1242 951 1330 ὡς
979 1254 1026 1339 τηῖ
1054 1244 1139 1340 λόγῳ
1169 1276 1219 1330 τις
1249 1243 1288 1318 {iv

753 1361 859 1448 εἴποι)
882 1393 910 1434 κ.
934 1391 961 1434 τ.
986 1369 1013 1434 λ.

798 1483 885 1550 orat.
912 1484 993 1548 Phil.
1017 1486 1040 1551 1.
1065 1488 1121 1570 ιι,
1151 1488 1183 1551 τ;
1216 1471 1287 1548 ων
1388 1480 1391 1490 ’

752 1587 787 1676 ὃς
816 1591 854 1666 δν
887 1597 973 1688 δείξη
1003 1597 1054 1678 τίς
1087 1604 1288 1689 πορισθεῖσα

753 1711 938 1803 παρασκευὴ
953 1715 1009 1782 καί
1020 1708 1107 1804 πόση
1116 1713 1171 1781 καί
1181 1708 1288 1782 πάθεν

753 1833 914 1915 διαμεῖναι
943 1825 1113 1920 δονήσεται
1138 1884 1287 1899 ........

754 1940 837 2013 οὕτω
862 1943 921 2034 γὰρ
935 2029 936 2032 ¹
951 1937 1058 2014 οὐκέτι
1086 1951 1143 2014 τοῦ
1167 1949 1287 2013 λοιποῦ

753 2056 932 2148 πάσχοιμεν
955 2055 993 2130 δν
1016 2067 1132 2142 κακῶς.

799 2267 884 2363 οωι.
910 2297 991 2362 Phil.
1017 2299 1040 2363 1.
1065 2300 1122 2382 53,
1146 2301 1204 2362 νο
1232 2299 1287 2361 ιιι
1350 2339 1354 2343 -

754 2411 780 2477 δ’
798 2409 843 2489 είς
859 2413 951 2477 τοῦθ’
968 2406 1038 2500 ἣκει
1054 2407 1095 2478 τά
1111 2404 1287 2500 πράγματα

754 2520 910 2616 αἰσχύνης,
928 2520 1010 2593 ὥστε
1025 2530 1089 2593 τῶν
1101 2531 1287 2616 στρατηγῶν

753 2641 889 2722 ἕκαστος
912 2643 962 2722 δίς
985 2643 1039 2709 καί
1060 2643 1129 2731 τρίς
1145 2641 1286 2730 κρίνεται

755 2758 830 2844 παρ’
846 2749 922 2843 ὑμῖν
939 2759 1012 2847 περί
1029 2752 1186 2839 θανάτου,
1204 2754 1286 2845 πρὸς

754 2874 790 2940 δὲ
812 2871 887 2953 τοὺς
918 2869 1052 2963 ἐχθροὺς
1084 2863 1188 2953 οὐδεὶς
1219 2863 1285 2941 οὔδ’

753 2983 844 3070 ἅπαξ
856 2979 961 3056 αὗτιῦν
973 2979 1200 3078 ἀγωνίσασθαι
1211 2990 1286 3079 περί

752 3099 901 3172 θανάτου
924 3108 1080 3196 τολμᾷν.
1104 3131 1131 3174 τ.
1155 3107 1182 3174 λ.

799 3223 885 3290 Orat.
910 3223 1051 3308 Olynth.
1081 3226 1104 3290 1.
1138 3227 1193 3308 13,
1225 3227 1286 3290 27;

752 3334 790 3406 τὸ
828 3338 886 3423 μὲν
925 3326 979 3406 οὖν
1018 3338 1174 3423 ἐπιτιμᾶν
1206 3336 1286 3417 ἴσως

753 3448 856 3544 φήσαι
879 3479 929 3533 τις
947 3447 986 3520 &v
1002 3448 1114 3543 ῥηίδιον
1130 3455 1184 3520 καί
1202 3481 1286 3520 παν-

752 3565 808 3649 τὸς
831 3565 913 3637 εἶναι
936 3597 965 3638 κ.
988 3594 1016 3637 τ.
1040 3571 1067 3638 λ.

798 3688 885 3754 Orat.
899 3688 980 3753 Phil.
993 3689 1016 3751 l.
1031 3691 1084 3771 44,
1098 3690 1132 3751 4:
1151 3685 1224 3774 μηδ’
1239 3739 1244 3753 .
1259 3740 1285 3754 ..

752 3855 838 3870 .....
863 3789 1054 3888 ἀναβάλλειν
1076 3825 1117 3886 με
1138 3797 1179 3866 τὰ
1201 3794 1287 3890 πρά-

752 3942 860 4004 γματα
882 3908 1036 4007 ἡγείσθω.

798 4035 886 4101 Orat.
919 4034 999 4100 Phil.
1029 4035 1052 4100 1.
1081 4038 1141 4120 44,
1173 4038 1211 4100 4:
1249 4022 1285 4100 οί·

753 4145 811 4237 γὰρ
825 4146 856 4215 οἱ
868 4145 946 4232 ταχὺ
959 4149 1014 4214 καὶ
1025 4143 1164 4239 τήμερον
1175 4142 1285 4216 εἰπόν-

753 4291 804 4345 τες
819 4259 962 4350 μάλιστα
977 4262 1022 4343 εἷς
1039 4264 1111 4331 δέον
1130 4263 1285 4352 λέγουσιν·

754 4371 790 4448 οἷν
813 4377 873 4472 γάρ
896 4373 935 4448 δν
958 4374 1000 4447 τά
1021 4406 1057 4469 γε
1080 4372 1141 4505 ἤδη
1161 4405 1285 4468 γεγενη-

1086 4475 1106 4536 δ
