3102 4912
722 558 764 622 21

666 649 825 656 *-

185 772 251 840 Sed
269 772 329 838 hoo
352 771 383 837 in
408 771 571 857 prooemio
592 770 725 837 verbum
748 770 851 835 τελεῖν
874 770 916 836 ab
939 775 1065 835 oratore
1082 767 1234 853 seriptum
1252 776 1302 834 est

185 890 338 956 consulto.

273 1021 396 1100 Quibus
425 1005 521 1087 rebus
552 1020 708 1101 expositis
740 1020 819 1085 illud
849 1018 1045 1105 prooemium
1075 1018 1154 1085 setis
1189 1018 1303 1083 bonam

184 1139 375 1206 senteutiam
399 1138 518 1204 habere
541 1136 620 1203 mihi
643 1137 769 1203 videtur
793 1157 895 1219 neque
918 1136 983 1201 nlla
1000 1141 1172 1219 causaest,
1198 1154 1253 1199 our
1269 1133 1302 1198 io

184 1277 246 1321 non
270 1254 496 1321 Demosthenis
521 1275 592 1321 esse
615 1253 812 1319 arbitremur.

273 1399 346 1464 Iam
370 1396 471 1480 nobis,
497 1417 567 1462 oum
583 1396 755 1482 prooemia,
780 1416 861 1478 quae
882 1404 956 1461 sunt
982 1395 1014 1460 in
1038 1395 1179 1461 editione
1205 1393 1302 1459 Din-

184 1513 311 1580 dori'ii
329 1515 439 1578 Emm.
461 1512 686 1579 Bekkerum
711 1512 813 1578 seonti
833 1512 1067 1596 quinquaginta
1086 1532 1153 1595 sex,
1174 1532 1301 1597 percur-

183 1631 291 1715 rimus,
316 1629 462 1714 inprimis
478 1627 558 1694 illud
574 1628 810 1713 vituperatione
828 1628 959 1712 dignum
976 1648 1046 1695 esse
1062 1627 1199 1712 videtur,
1216 1628 1302 1711 quod

184 1768 246 1813 non
270 1748 372 1813 solum
390 1746 548 1830 permulta
565 1765 673 1811 eorum
690 1745 847 1810 latissima
870 1753 954 1830 sunt,
981 1743 1039 1811 sed
1062 1743 1158 1809 etiam
1182 1744 1215 1808 in
1238 1743 1302 1811 iliis

183 1885 233 1947 ea,
257 1883 340 1946 quae
364 1870 549 1947 sequuntur,
573 1862 702 1946 saepius
726 1860 884 1928 dissident
907 1881 927 1925 a
950 1859 1118 1945 prioribus.

273 2005 365 2084 Quod
384 2006 447 2070 iam
465 2013 496 2071 et
512 2005 600 2089 prius
624 2004 794 2070 Woifius
818 2013 915 2087 atque
941 2005 977 2070 G.
995 2003 1033 2068 H.
1059 2002 1303 2070 Sohaei'erus

184 2125 255 2207 (1.1.
273 2144 301 2208 p.
320 2121 510 2208 eor-721)
535 2131 566 2187 ot
590 2142 692 2206 nuper
715 2121 910 2186 Blassius
935 2120 969 2205 (l.
983 2120 1001 2184 l.
1016 2141 1044 2204 p.
1057 2121 1122 2185 282
1135 2119 1302 2204 Anmerk.)

184 2241 419 2323 intellexerunt,
445 2240 658 2322 quomobrem·
675 2259 714 2303 ea
737 2237 909 2322 prooemia,
934 2231 1017 2320 quae
1035 2234 1207 2302 admodum
1231 2237 1303 2302 fusa

184 2363 258 2422 sunt
280 2363 336 2421 aut
360 2355 391 2419 in
416 2355 531 2438 quibus
556 2355 715 2440 posterius
743 2375 805 2420 non
829 2354 875 2419 ita
897 2352 992 2419 valde
1021 2353 1170 2419 convenit
1194 2352 1301 2439 priori,

184 2471 312 2539 oodioes
336 2471 453 2556 partim
477 2471 588 2555 secuti,
614 2471 669 2554 qui
692 2470 755 2554 ipsi
779 2460 820 2535 de
843 2490 975 2536 numero
991 2469 1075 2536 inter
1091 2490 1125 2536 se
1149 2491 1211 2536 non
1229 2491 1302 2536 oon·

183 2596 310 2673 gruunt,
339 2587 370 2652 in
397 2588 488 2674 pluro
512 2595 585 2653 sunt
609 2587 726 2671 partiti.
779 2589 888 2670 itaque
912 2586 958 2651 iili
975 2607 1015 2652 ex
1039 2585 1181 2653 editione
1205 2587 1300 2652 Din-

184 2705 311 2772 dori'ii
336 2703 501 2788 prooemia
524 2705 552 2788 I,
582 2704 621 2788 11,
646 2704 756 2788 XXII,
782 2704 882 2787 XXV,
906 2703 1020 2787 XLIV,
1043 2703 1148 2769 XLVI
1171 2703 1204 2768 in
1227 2703 1301 2790 duo,

185 2821 382 2904 prooemium
406 2821 514 2885 XXIII
537 2797 570 2884 in
594 2820 656 2886 tria
679 2819 865 2904 diviserunt,
891 2826 925 2885 ut
947 2820 1111 2886 voeabulis
1135 2805 1191 2886 οὖν
1214 2829 1246 2888 et
1268 2819 1304 2888 δέ

184 2937 299 3004 deletis
323 2957 407 3003 nove
430 2936 596 3003 ordiantur
624 2937 656 3001 in
686 2937 848 3020 prooemio
873 2937 901 3020 I,
938 2939 1034 3021 1418,
1062 2939 1105 3003 22
1136 2937 1302 3006 everbis:

183 3051 211 3119 εἰ
234 3051 293 3136 μὲν
315 3047 378 3135 εἶχε
393 3053 508 3132 καλῶς,
533 3053 565 3118 in
582 3072 719 3137 prooem.
737 3053 778 3137 ΙΙ,
803 3055 897 3136 1420,
925 3056 962 3117 11
988 3052 1147 3118 averbis:
1172 3047 1210 3118 τὸ
1233 3050 1302 3135 μέν,

184 3155 210 3234 ὦ
233 3160 263 3234 t.
284 3156 343 3249 Ἀ,
366 3164 409 3256 μὴ
436 3161 538 3234 πάνθ’
563 3159 615 3248 ὡς,
639 3170 671 3233 in
691 3189 830 3253 prooem.
851 3167 953 3252 XXII,
973 3171 1066 3253 1433,
1088 3172 1126 3234 16
1143 3190 1163 3234 a
1178 3169 1302 3236 verbis:

183 3279 237 3372 χρὴ
264 3283 322 3367 μὲν
346 3277 448 3362 οὕτως
471 3278 620 3363 ἅπαντας
643 3281 732 3367 ἔχειν,
761 3285 794 3348 in
819 3306 957 3369 prooem.
980 3285 1081 3366 XXV,
1108 3287 1210 3370 1436,
1238 3287 1257 3351 7
1282 3308 1302 3350 a

184 3401 307 3467 verbis:
339 3398 367 3466 εἰ
390 3399 448 3484 μὲν
471 3392 639 3488 εὑρημένον
662 3388 702 3488 ἧν
726 3403 811 3481 πῶς,
840 3401 874 3465 in
898 3421 1037 3485 prooem.
1062 3401 1179 3487 XLIV,
1207 3404 1301 3487 1451,

186 3521 223 3582 11
250 3538 270 3583 a
292 3517 413 3583 verbis:
444 3513 471 3582 εἰ
495 3515 553 3600 μὲν
577 3509 719 3594 ἅπαντες
742 3508 948 3602 ἐγιγνώσκετε
971 3503 1083 3598 ruisti,
1108 3517 1138 3581 in
1163 3538 1301 3601 prooem.

183 3633 297 3718 XLVI,
324 3635 418 3718 1454,
443 3637 462 3697 6
487 3654 507 3698 a
530 3632 654 3698 verbis:
682 3629 859 3720 βουλοίμην
882 3622 921 3697 ἂν
943 3622 1043 3715 ὑμᾶς,
1075 3619 1101 3698 ὦ
1124 3623 1154 3698 it.
1176 3619 1240 3712 Ἀ,
1269 3633 1301 3699 in

187 3861 265 3921 1461,
292 3861 323 3911 7:
348 3849 464 3908 ἐπειδὰν
487 3852 501 3904 ὁ
522 3851 598 3904 δεῖνα
622 3849 761 3920 εὐδαίμων
785 3857 830 3904 καὶ
851 3851 866 3904 ὁ
885 3849 962 3903 ὸέῖνο
982 3850 1046 3920 ὑμῖν
1065 3846 1096 3926 ᾗ;
1120 3870 1157 3907 or.
1180 3857 1244 3919 17⁴2,
1269 3860 1302 3910 8:

184 3943 211 3995 οἱ
228 3941 251 3995 δ’
271 3941 347 3996 ἄλλοι
366 3937 501 4013 γιιὶρτνρεε
519 3942 566 4007 τῆς
584 3937 693 3994 τούτων
712 3939 889 4009 εὐδαιμονίας
908 3936 1038 4007 κάθησθε
1057 3947 1086 3996 et
1103 3960 1143 4013 pr.
1165 3947 1245 4010 1461,
1272 3948 1302 3998 8;

184 4034 211 4084 οἱ
228 4029 250 4083 δ’
271 4031 348 4086 ἄλλοι
368 4038 489 4103 uenatore
509 4027 542 4084 τὰ
563 4026 671 4084 τούτων
690 4027 786 4105 ἀγαθὰ
808 4029 956 4096 ζηλοῦντες.
996 4031 1035 4086 Cf.
1054 4032 1134 4087 otiam
1149 4049 1186 4086 or.
1200 4033 1232 4086 de
1246 4049 1301 4103 rep.

183 4123 237 4178 ortl.
260 4127 318 4188 170,
342 4129 372 4178 2:
400 4119 473 4174 otim
494 4117 578 4176 πολλὰ
603 4126 647 4172 καὶ
669 4119 755 4194 ψευδῆ·
774 4125 820 4172 καὶ
839 4114 932 4172 πάντα
951 4117 1055 4188 μᾶλλον
1080 4118 1096 4186 ἢ
1116 4116 1148 4172 τὰ
1173 4118 1302 4188 βέλτιστα

183 4205 296 4262 ιὶκοῖιειν
319 4212 487 4265 συνείθισθε
513 4217 539 4266 ot
559 4229 672 4281 prooem.
691 4212 749 4265 XV.
772 4216 852 4276 1428,
881 4215 927 4266 16:
952 4205 1026 4260 oiim
1046 4205 1131 4261 πολλὰ
1150 4215 1195 4262 καὶ
1214 4207 1301 4281 ψευδῆ

183 4304 228 4352 καὶ
248 4296 340 4353 πάντα
360 4298 463 4370 μᾶλλον
478 4298 491 4365 ἢ
507 4296 539 4352 τὰ
553 4297 680 4368 βέλτιστα
700 4306 755 4355 nois
775 4294 918 4372 πράγμασι
936 4298 1120 4351 revestiatur
1138 4320 1186 4368 μοι
1200 4297 1302 4352 δοκεῖτε

182 4383 301 4442 ἀκοῦειν.
