3102 4912
811 523 853 585 50

362 739 455 822 1435,
481 733 535 822 25]
562 726 703 821 πράξασι
729 773 769 780 -
793 730 821 800 εἰ
845 723 1014 819 ἐπράξατε.
1039 771 1081 779 --

361 855 456 937 1435,
481 850 536 940 26]
571 848 673 937 λέγειν
704 844 763 936 γὰρ
790 835 941 938 εδφήμως
973 839 1082 912 πάντα
1110 848 1158 912 δεῖ
1192 885 1232 894 —-
1264 866 1396 930 semper

271 966 354 1034 enim
379 969 461 1034 bone
485 967 620 1032 ominari
644 973 779 1051 oportet.
826 964 1082 1031 Sohaeforuu
1108 1002 1149 1010 —

362 1086 457 1168 1435,
482 1079 536 1170 29]
569 1071 651 1165 ὑμᾶς
680 1069 796 1159 ooo-oon
827 1119 865 1128 -
901 1071 980 1163 ὑμᾶς
1015 1079 1134 1164 pendet
1157 1081 1198 1145 ab
1228 1076 1397 1156 ἐξαπατᾶν

271 1207 303 1265 et
328 1186 443 1276 αδτοδς
467 1200 508 1266 ab
533 1194 696 1264 αἰτιᾶσθε.
722 1237 763 1245 —-
1258 1276 1260 1282 Ι

362 1315 457 1400 1435,
472 1311 616 1400 27-30]
633 1315 671 1379 of.
683 1334 823 1398 prooem.
835 1313 952 1378 XXVI.
969 1313 1063 1396 1436,
1077 1313 1119 1378 28
1139 1347 1176 1358 —
1197 1311 1291 1394 1437,
1304 1310 1336 1375 4.
1351 1347 1396 1356 —-

363 1433 459 1514 1436,
486 1428 582 1518 1—7]
609 1431 648 1496 of.
673 1452 715 1495 or.
742 1428 970 1513 (11101292,
999 1431 1037 1494 16
1062 1448 1130 1511 sqq.
1157 1465 1196 1474 -

363 1549 458 1632 1436,
484 1543 516 1632 2]
543 1536 585 1623 ὡς
609 1537 787 1632 δνθρωπος
813 1583 853 1592 -
878 1553 912 1610 ut
928 1544 1037 1610 homo:
1063 1543 1176 1610 sowoit
1194 1542 1245 1608 ein
1261 1541 1397 1607 Mensoh

272 1682 306 1732 eu
330 1673 462 1745 vetmag
485 1669 544 1729 oto.
577 1660 779 1728 referendum
811 1667 860 1727 est
889 1661 930 1727 ad
955 1657 1091 1748 ζητῆσαι
1115 1656 1170 1724 καὶ
1194 1653 1395 1742 λογίσασθαι

272 1771 314 1841 τὰ
336 1774 494 1862 βέλτισθ’.
520 1817 561 1825 -

365 1896 459 1978 1436,
487 1891 540 1982 13]
567 1883 609 1971 ὡς
632 1884 740 1970 εὔνους
769 1932 803 1940 -·
832 1900 866 1959 ut
890 1892 1075 1959 benevolus,
1102 1929 1143 1938 —-

366 2012 459 2094 1436,
486 2007 539 2098 17]
563 2006 681 2093 μανίας
705 2008 824 2094 pendet
848 2010 889 2074 ab
913 2002 1005 2074 εἶναι.
1031 2047 1072 2055 -·

547 2197 905 2280 Prooemium
934 2199 1036 2278 XX
1046 2198 1126 2278 VI.

364 2357 459 2438 1436,
486 2353 539 2443 19]
568 2349 616 2442 εἴη
642 2405 737 2421 .....
762 2342 865 2420 ταύτὰ
887 2354 942 2420 καὶ
967 2355 1124 2420 δοκοῦντα
1149 2351 1296 2439 βέλτισθ’
1320 2345 1399 2439 ὑμῖν

273 2462 354 2534 εἶναι
371 2467 427 2534 καὶ
443 2461 514 2536 ouo*
533 2460 574 2548 ὡς
591 2458 724 2558 ἀληθῶς
748 2511 787 2518 -
813 2471 934 2537 utinam
951 2471 1016 2555 fiat,
1042 2479 1077 2536 ut
1094 2469 1207 2537 eadem
1225 2479 1256 2538 et
1273 2471 1400 2556 optimu

273 2587 365 2653 vobis
388 2585 559 2652 videantur
583 2594 616 2652 et
639 2608 673 2653 re
697 2609 774 2653 vora
797 2587 936 2670 sint..-

365 2704 460 2786 1436,
485 2701 630 2790 utu-25]
658 2705 694 2768 ot'.
712 2723 851 2787 prooem.
869 2704 981 2769 XLVI.
1008 2703 1102 2786 1454,
1121 2704 1207 2768 6-8
1232 2709 1263 2768 ot
1287 2724 1331 2768 or.
1354 2703 1400 2769 do

275 2838 337 2883 oon.
363 2821 437 2901 227,
462 2820 505 2883 23
529 2838 597 2902 sqq.
622 2826 654 2883 et
677 2840 721 2884 or.
747 2828 857 2886 contra
880 2819 1003 2904 Aphob.
1028 2819 1083 2884 ΙΙΙ.
1110 2819 1184 2903 844,
1208 2822 1229 2884 9
1253 2838 1323 2902 sqq.
1354 2857 1397 2867 —

366 2936 461 3019 1436,
486 2932 540 3020 28]
564 2931 684 3016 νομίζω
708 2933 820 3000 δὲκαὶ
844 2925 926 3018 ὑμᾶς
950 2973 991 2982 -
1016 2933 1153 3001 subaudi
1177 2930 1305 3000 εἰδέναι.
1334 2974 1374 2982 —-

367 3051 462 3134 1436,
476 3052 577 3132 26-
598 3054 693 3135 1437,
707 3050 738 3138 4]
764 3053 802 3118 uf.
817 3072 955 3135 prooem.
969 3051 1069 3117 XXV.
1085 3052 1180 3135 1435,
1194 3053 1271 3116 27»
1283 3053 1334 3117 30.
1354 3089 1399 3098 -

367 3167 461 3248 1437,
487 3164 519 3251 6]
542 3157 671 3243 τούτοις
695 3205 736 3214 -
761 3177 811 3233 out
834 3168 1038 3251 pleonasmus
1063 3166 1270 3251 emphatiouu
1300 3205 1337 3214 -

367 3283 461 3364 1437,
489 3278 519 3368 7]
545 3271 584 3345 δν
607 3280 665 3363 μὲν
687 3276 746 3369 γὰρ
768 3274 895 3360 διδάξαι
912 3283 1077 3370 δυνηθῶσι
1105 3321 1142 3330 -
1168 3283 1234 3349 scil.
1259 3277 1289 3346 οἳ
1306 3269 1400 3347 διντι-

276 3393 429 3481 λὲγαντες.
458 3435 496 3442 -
616 3411 617 3414 ’

367 3514 465 3595 1437,
490 3510 522 3598 9]
547 3514 644 3576 ταῦτα
671 3505 847 3599 πράξαντες
872 3553 912 3560 -
937 3513 1052 3596 idest,
1077 3505 1271 3592 διδάξαντες.
1297 3553 1339 3561 -

371 3629 462 3710 1437,
490 3625 542 3715 11]
577 3621 638 3694 δσα
666 3614 853 3713 δνθρώνιιαν
882 3617 920 3716 ἦν
952 3625 1056 3718 ἔργον,
1088 3616 1241 3709 ἀκοῦσαι,
1272 3621 1398 3695 τούτων

276 3733 480 3830 τετυχηκότες
509 3781 550 3790 -
584 3735 645 3809 δσα
675 3752 707 3810 et
730 3736 853 3809 τούτων
881 3753 981 3830 rente,
1015 3733 1119 3811 110115
1143 3752 1176 3812 ot
1198 3736 1330 3826 τούτου,
1364 3753 1398 3812 ut

277 3857 506 3924 Sohaefero
540 3859 680 3942 videtum
717 3881 788 3924 nam
824 3859 856 3924 in
892 3860 1000 3945 lingua
1037 3861 1162 3929 Graeca
1197 3862 1327 3947 saepius
1363 3862 1397 3927 in

276 3973 516 4058 pronominibus
548 3995 711 4041 numerum
742 3977 898 4061 pluralem
929 3976 1108 4051 invenimus
1139 3997 1197 4061 pro
1225 3977 1381 4062 singulari
1389 4000 1398 4061 ;

276 4076 411 4154 ἀκοῦσαι
436 4096 484 4157 ost
507 4089 651 4156 additum
675 4093 896 4177 epexegotioo:
925 4091 953 4159 si
976 4091 1018 4177 id,
1044 4093 1130 4176 quod
1153 4075 1399 4181 hominum'est,

277 4204 338 4271 hoo
361 4213 419 4290 est,
444 4205 529 4288 quod
554 4206 659 4289 quivis
683 4207 777 4274 homo
793 4209 956 4292 postulare
972 4215 1088 4294 potest,
1114 4209 1276 4276 consecuti
1293 4219 1401 4298 eruut,

278 4327 312 4386 ut
335 4320 514 4387 audiantur.
539 4359 581 4369 -—
