3102 4912
653 579 811 675 -.ffl-

169 791 295 856 melio
328 799 360 856 et
391 788 638 874 aliisvidetnr,
676 790 736 856 hoe
765 791 834 855 loeo
865 790 1065 856 intransitive
1102 796 1287 873 usurpatum

169 927 240 972 esse
272 905 417 988 intellegi
448 914 562 990 potest.
620 906 698 970 Mihi
729 905 858 988 quidem
889 906 1149 971 Sohaei'erum
1179 912 1288 970 seeuto

170 1015 211 1086 τὰ
239 1012 416 1107 πράγματα
439 1021 652 1086 nominativus
677 1042 748 1088 esse
772 1021 906 1105 videtur,
935 1030 969 1087 ut
993 1022 1073 1086 haeo
1096 1021 1195 1086 veiha
1219 1041 1288 1085 oum

170 1139 487 1204 Westermanno
519 1137 667 1203 reddam:
705 1158 798 1204 wenn
830 1139 910 1204 alles
940 1138 1016 1221 das,
1047 1158 1114 1202 was
1146 1137 1234 1202 einer
1257 1136 1288 1199 in

171 1253 275 1319 seiner
298 1254 387 1318 Rede
412 1253 586 1319 unberthrt
609 1254 704 1338 iamt,
730 1254 811 1320 auch
836 1253 888 1319 die
913 1254 1108 1338 Ereignisse
1123 1252 1209 1318 nieht
1234 1253 1294 1317 ben

170 1369 283 1435 rtihren
308 1368 447 1435 werden.
475 1407 514 1416 —-

497 1556 856 1639 Pnooonno'otna
887 1558 963 1638 ΙΙ.

262 1719 356 1800 1419,
384 1715 523 1803 iti-24]
549 1718 586 1782 oi.
611 1738 654 1781 or.
679 1717 809 1800 Olynth.
835 1718 891 1782 ΙΙΙ.
917 1719 969 1800 28,
996 1719 1036 1780 13
1061 1737 1130 1799 sqq.
1159 1755 1199 1762 —-

262 1836 355 1916 1419,
381 1831 436 1918 25]
462 1833 502 1898 ei'.
520 1855 562 1898 or.
586 1833 627 1897 de
650 1833 722 1899 fals,
741 1833 801 1917 leg.
819 1834 893 1917 368,
921 1836 970 1897 12.
1009 1832 1289 1899 Woli'iusinte1·-

171 1955 315 2032 pretatm·
336 1935 354 2013 ὃ
375 1949 562 2014 brevitatem
581 1949 737 2014 Graecam
755 1957 786 2014 et
804 1949 940 2033 ellipsin,
965 1957 1000 2014 ut
1023 1935 1041 2013 ὃ
1064 1949 1106 2014 sit
1123 1970 1180 2032 pro
1205 1947 1245 2012 δι’
1263 1934 1290 2026 ὃ,

170 2064 233 2128 nisi
257 2064 339 2130 forte
370 2063 540 2148 legendum
571 2073 620 2130 est
643 2051 688 2131 οὗ.
735 2065 813 2129 Mihi
838 2063 966 2149 quidem
998 2072 1144 2130 neutrum
1176 2065 1290 2148 placet:

171 2181 240 2263 Ego
259 2180 500 2245 Voemelium
518 2179 759 2267 (Demosthenis
776 2189 854 2247 orat.
873 2181 912 2246 de
929 2182 998 2246 fals
1013 2182 1085 2264 leg.²
1104 2181 1190 2265 Lips.
1210 2182 1290 2244 1862

171 2317 200 2380 p.
222 2299 297 2378 471,
325 2295 380 2380 13)
405 2305 543 2379 secutus,
568 2284 674 2381 pesth
691 2295 746 2362 καὶ
763 2288 921 2380 θαυμάζω
938 2305 1013 2362 ante
1030 2294 1080 2374 τίς
1097 2297 1291 2380 cogitatione

170 2402 237 2476 τόδ’
263 2409 332 2476 ἐστὶ
356 2413 569 2496 supplendum
593 2434 664 2478 esse
689 2421 783 2498 puto:
808 2434 876 2480 was
899 2413 952 2478 ioh
975 2413 1058 2478 aue-h
1075 2413 1157 2478 noeh
1174 2412 1290 2477 nissen

171 2527 609 2612 mmmmm—

263 2646 357 2728 1420,
374 2643 406 2731 2]
430 2647 541 2732 οιωννῖ
553 2625 606 2693 ’-
631 2667 688 2730 pro
705 2647 816 2734 σιωπῇ
833 2647 946 2730 opinor
962 2665 1033 2711 eum
1050 2645 1191 2711 Wolfio
1214 2665 1292 2709 mm-

172 2760 268 2824 πιῦσι.
310 2759 478 2826 Sententia
494 2769 543 2826 est
560 2760 656 2828 haee:
685 2769 828 2828 oratores
844 2769 926 2845 sunt,
944 2761 1059 2844 quibus
1076 2760 1212 2845 pecunia
1229 2762 1290 2825 sol-

172 2874 278 2939 venda
294 2875 336 2941 sit
353 2886 385 2940 et
401 2877 582 2943 tacentibus
599 2885 630 2943 et
647 2877 842 2959 dicentibns3
868 2878 915 2942 his
933 2877 1056 2943 seilicet
1079 2877 1180 2942 maior
1196 2897 1291 2958 quam

172 2990 244 3055 illis.
285 2991 347 3058 Sed
365 2992 430 3076 isti,
456 2993 510 3075 qni
528 3015 656 3059 eausam
676 2993 876 3078 optimatium
891 2993 1077 3073 detendunt,
1099 2992 1291 3075 ineptissimi

172 3115 255 3190 sunt,
273 3115 307 3172 ut
324 3107 467 3174 dientes
484 3108 547 3174 illis
563 3109 701 3174 maximo
719 3109 782 3175 sint
798 3109 999 3175 detrimento.
1026 3110 1137 3192 ltaque
1154 3128 1290 3190 aequum

174 3230 223 3287 est
247 3223 418 3306 optimates
442 3225 513 3291 istis
538 3225 717 3291 oratoribus
742 3225 894 3291 maiorem
918 3225 1087 3309 pecuniam
1109 3226 1292 3308 persolvere

172 3338 353 3405 tacentibus
377 3361 472 3423 quam
497 3339 686 3407 dicentibus.
711 3380 750 3388 --

267 3457 360 3539 1420,
389 3455 439 3541 llil
464 3441 535 3521 οὖσι
559 3496 599 3504 -
625 3458 770 3542 suspicor
794 3477 865 3522 eum
889 3456 1081 3523 Bekke1·o
1106 3454 1177 3522 εἰσί.
1207 3495 1246 3502 -

266 3573 358 3655 1420,
388 3571 437 3658 ll]
466 3565 723 3659 μεταλαμβάνειν
749 3613 789 3619 -
813 3565 1071 3659 μεταλαμβάνον
1094 3581 1197 3638 reete:
1220 3593 1291 3656 par-

173 3683 302 3769 ticipem
326 3708 397 3754 esse
422 3689 538 3754 nullius
562 3689 618 3771 rei,
643 3688 677 3753 id
701 3696 759 3772 est,
784 3689 901 3755 nullius
925 3689 1133 3754 auctoritatis.
1162 3727 1202 3734 —

485 3874 843 3957 Pnooenna‘enna
874 3877 984 3957 III.

265 4033 333 4099 Ηοο
357 4033 553 4117 prooemium
578 4041 678 4099 totum
694 4034 873 4100 invenimus
891 4042 1077 4118 usurpatum
1098 4033 1130 4098 in
1148 4033 1292 4099 oratione

174 4149 304 4232 Olynth.
328 4151 358 4234 Ι,
391 4149 424 4214 in
457 4170 520 4232 qua
543 4149 623 4215 haee
645 4151 745 4216 verba
773 4151 842 4216 sola
873 4158 947 4217 sunt
976 4150 1089 4215 leviten
1110 4150 1292 4214 immutata:

170 4251 261 4329 Ἀντὶ
286 4265 418 4330 πολλῶν
441 4256 494 4344 liv,
525 4252 550 4329 ὦ
574 4256 602 4333 ὅ.
623 4253 686 4344 'A.,
708 4257 878 4352 χρημάτων
901 4257 983 4348 ὑμᾶς
1006 4261 1140 4330 ἑλέσθαι
1164 4262 1292 4348 νομίζον,

173 4370 212 4447 ἂν
236 4374 374 4470 φανερὸν
398 4377 522 4472 γένοιτο
546 4374 584 4451 vt
615 4377 734 4468 μέλλον
763 4378 921 4451 οννοίοειν
950 4384 990 4470 τῇ
1021 4372 1115 4455 ιπόλει
1147 4380 1223 4474 περὶ
1250 4367 1293 4456 ὧν
