3102 4912
732 540 774 606 57

286 754 379 837 1452,
407 751 459 840 17]
484 752 570 818 τοῦτ’
594 751 769 837 ἐμποιοῦσι
793 793 833 802 -
858 754 925 820 scil.
949 749 987 819 τὸ
1011 755 1084 819 νοῦν
1108 749 1197 837 ἔχειν.
1226 794 1264 802 -

286 879 380 962 1452,
405 876 461 966 21]
486 865 602 944 αὐτίκα
625 873 684 966 μὰρ
708 917 749 926 —-
775 899 848 944 nam
873 887 907 944 ut
931 880 1076 964 exemplo
1100 887 1181 945 utar.
1208 917 1246 926 -

287 1005 381 1087 1452,
406 1003 460 1090 25]
483 997 542 1091 σὴν
565 1007 625 1069 τοῦ
647 996 789 1092 ῥήματος
819 995 942 1070 τούτων
974 995 1153 1092 σεμνότητα
1185 1044 1225 1051 -
1257 1026 1315 1090 pro

195 1110 318 1183 τούτων
342 1119 513 1202 legendum
537 1128 586 1187 est
608 1111 734 1185 ror'rrov.
760 1159 802 1167 —-

287 1247 380 1328 1453,
408 1241 438 1331 1]
468 1236 532 1330 πρὸ
555 1267 590 1308 σε
612 1245 670 1310 τοῦ
694 1241 795 1330 λέγειν
819 1241 874 1309 καὶ
898 1238 961 1330 πρὸ
986 1245 1044 1309 τοῦ
1068 1234 1223 1330 πράσσειν
1247 1241 1316 1308 ἐσσι

197 1396 237 1404 —-
263 1358 378 1444 idest,
404 1359 511 1426 dicere
535 1359 661 1426 facilius
687 1368 736 1427 est
759 1381 854 1444 quarn
879 1381 984 1443 agere.
1010 1398 1050 1406 —

471 1555 829 1640 Prooemium
858 1559 953 1638 XL
966 1557 1047 1639 VI.

288 1727 382 1808 1453,
410 1723 462 1812 10]
489 1719 575 1811 πλὴν
598 1719 657 1813 μὰρ
682 1711 738 1789 οὖν
761 1719 822 1806 ἕχον
846 1719 933 1801 σι’νος
956 1718 1041 1789 εἴπω
1074 1761 1108 1770 ⁷-
1132 1723 1315 1788 vernacule:

196 1839 281 1906 deun
305 1861 554 1924 ausgenommen
579 1878 620 1888 -
644 1839 696 1906 iah
720 1839 816 1906 weiss
841 1839 929 1906 nicht
952 1861 1019 1906 was
1047 1837 1098 1904 ich
1123 1859 1223 1922 sagun
1247 1839 1315 1904 soll.
1443 1827 1446 1834 ’

198 1955 447 2022 Sahaeferus
474 1995 514 2002 —

289 2082 382 2164 1453,
410 2079 461 2169 19]
494 2078 522 2146 εὶ
546 2074 604 2169 μὰρ
635 2073 765 2169 ῥήτορες
798 2119 839 2127 -
871 2078 899 2146 ai
929 2081 1007 2146 mihi
1038 2080 1166 2164 quidem
1199 2080 1316 2146 rectius

197 2217 268 2262 esse
291 2196 420 2262 videtur
443 2217 539 2280 quam
563 2191 599 2262 οἳ
620 2197 653 2261 in
676 2197 833 2264 Bavarico
857 2205 889 2264 et
912 2196 1039 2262 Aldina.
1065 2235 1106 2242 -

289 2323 388 2404 1453,
424 2318 576 2408 19-21]
613 2322 652 2387 cf.
678 2341 818 2406 prooem.
847 2321 984 2387 XXXII.
1015 2325 1113 2406 1441,
1148 2323 1254 2386 6-11
1285 2328 1317 2386 et

198 2457 337 2521 prooem.
362 2437 514 2505 XXXIII.
540 2441 639 2522 1442,
664 2439 794 2504 20-21
828 2444 860 2503 et
884 2458 927 2503 ur.
952 2436 992 2503 du
1017 2459 1078 2504 cur.
1108 2437 1194 2503 trier.
1221 2439 1315 2521 1233,

197 2555 310 2636 4844
337 2591 377 2600 -

289 2681 384 2764 1454,
410 2677 440 2766 3]
464 2671 541 2744 εἴτι
557 2675 684 2745 δίκαιον
708 2717 749 2726 --
774 2677 984 2745 subaudiatur
1000 2675 1113 2745 εἰπεῖν.
1161 2677 1312 2744 Suhau·

199 2792 321 2861 turus.
348 2833 388 2842 -
919 2883 922 2892 .

289 2923 383 3004 1454,
409 2919 508 3009 6-8]
542 2921 579 2986 cf.
604 2941 745 3005 prooem.
769 2921 886 2985 XXVI.
913 2921 1015 3005 1436,
1046 2921 1178 2986 23-25
1210 2927 1242 2986 et
1273 2941 1316 2986 ur.

199 3035 239 3101 du
264 3058 325 3102 cor.
349 3039 425 3121 227,
443 3039 486 3103 23
502 3057 549 3120 sq.
574 3045 607 3103 ut
629 3059 673 3103 0r.
695 3044 806 3104 eontra
828 3035 953 3121 Aphub.
977 3035 1034 3100 III.
1060 3038 1134 3119 844,
1159 3039 1179 3102 9
1203 3057 1249 3118 sq.
1275 3074 1316 3082 -ι

290 3171 384 3254 1454,
410 3169 441 3256 6]
465 3166 642 3258 βουλοίμην
665 3169 692 3236 d'
710 3161 749 3236 dv
765 3161 847 3254 Ιἷνμοῖς
871 3220 964 3234 .....
989 3171 1036 3256 σῷ
1059 3170 1226 3256 προῆχθαι
1241 3162 1317 3246 τοὺς

198 3275 312 3370 λόγους
336 3282 506 3352 ἐπαινέσαι
528 3281 604 3365 σούς
620 3278 745 3352 τούτων
768 3286 964 3375 φιλονεικεῖν
989 3325 1027 3332 -
1054 3281 1223 3350 ἐπαινέσαι
1240 3305 1315 3369 pen-

199 3400 254 3466 det
276 3401 316 3467 ab
343 3401 552 3490 φιλονεικεῖνι
583 3403 679 3469 velim
707 3453 800 3472 .....
831 3402 953 3468 inducti
977 3401 1106 3468 certetis
1130 3401 1163 3465 in
1184 3401 1317 3468 istorum

199 3517 397 3584 orationibus
420 3518 600 3585 laudandis.
625 3557 666 3566 -

454 3706 811 3790 Prooemium
840 3708 1062 3791 XLVII.

291 3877 385 3960 1454,
413 3875 464 3964 15]
488 3870 572 3941 κατὰ
594 3863 694 3942 sadud
718 3915 759 3923 —
784 3876 894 3942 eudem
919 3875 1023 3941 modo,
1070 3874 1244 3941 Woliius.
1275 3913 1315 3922 —-

289 4003 389 4084 1454,
422 3998 474 4088 18]
512 3996 594 4088 πρὸς
623 3999 681 4085 μὲν
711 3997 820 4067 τοίνυν
850 3993 925 4077 σοὺς
959 3990 1181 4087 ὑπειληφότας
1215 3985 1317 4063 σαῖπὰ

197 4112 371 4202 συμφέρειν
396 4153 435 4163 -
461 4118 504 4183 ad
522 4115 695 4206 συμφέρειν
718 4116 929 4184 subaudiatur
952 4113 1054 4201 λέγειν
1078 4123 1110 4182 at
1135 4137 1191 4200 pru
1215 4102 1317 4179 σαῖπά

197 4231 316 4314 legitur
347 4232 380 4296 in
411 4238 544 4320 vulgata
574 4237 695 4316 ταῦτα,
731 4233 817 4319 quod
853 4233 1044 4300 vocabulum
1078 4231 1156 4301 mihi
1187 4231 1317 4318 quidem

197 4348 377 4433 posteriora
400 4353 585 4441 respicienti
608 4353 727 4420 rectius
751 4373 823 4422 esse
845 4351 981 4419 videtur.
1006 4384 1046 4398 -
