3102 4912
661 526 820 624 ἐν*

180 739 221 804 de
245 736 448 822 Mytilenaeis
473 737 649 804 orationem
682 737 801 804 habere
830 737 1002 822 cogitabat.
1055 736 1120 804 Sed
1149 737 1297 822 quoniam

180 854 334 939 oratione,
351 874 446 936 quam
463 853 503 919 de
520 854 667 920 libertate
685 853 880 919 Rhodiorum
897 853 1063 938 habuerat,
1089 854 1299 921 Athenienses

180 968 354 1036 adducere·
372 990 435 1050 non
466 969 585 1054 potuit,
620 978 655 1036 ut
685 968 819 1036 Rhodiis
852 970 997 1036 subsidia
1029 970 1298 1057 submitterent1)‚

181 1085 395 1169 cognitionem
419 1085 459 1152 de
484 1087 630 1153 contione
654 1107 712 1170 pro
736 1087 939 1170 Mytilenaeis
968 1085 1118 1152 habenda
1141 1086 1299 1153 abiecisse

179 1200 316 1269 videtur.

270 1328 319 1393 De
343 1325 506 1412 prooemio
529 1327 617 1392 XLV
641 1347 706 1392 rem
730 1326 776 1392 ita
799 1347 834 1392 se
858 1325 977 1393 habere
1002 1326 1159 1393 existimo.

270 1461 363 1525 Anno
399 1460 624 1528 trecentesimo
660 1459 1005 1544 undequadragesimo·
1026 1461 1059 1525 in
1092 1481 1190 1526 verno
1224 1461 1298 1524 Am-

180 1574 387 1660 phictyonum
416 1576 549 1643 concilio
573 1577 708 1660 Delphis
740 1577 850 1642 habito
874 1579 1050 1643 Locrenses
1078 1575 1255 1660 Amphissii
1279 1596 1299 1640 a

180 1691 345 1758 Thebanis
368 1691 493 1759 incitati
509 1700 712 1777 rogaverunt,
738 1701 771 1758 ut
788 1693 924 1778 populus
944 1692 1188 1758 Atheniensium
1206 1692 1296 1775 quin-

181 1808 337 1891 quaginta
353 1808 482 1875 talentis
501 1811 698 1894 multaretur,
721 1809 807 1892 quod
822 1809 853 1873 in
867 1810 986 1893 templo
999 1830 1091 1893 novo,
1114 1809 1298 1893 priusquam

179 1924 404 2009 inauguratum
420 1933 513 2009 esset,
532 1933 622 1992 scuta
638 1946 736 1991 aurea
752 1924 974 2010 suspendisset
990 1925 1051 1991 hoc
1068 1925 1299 2010 epigrammate

180 2039 316 2125 scripio:
341 2029 532 2128 ,Ἀθηναῖοι
556 2030 624 2107 dab
649 2033 855 2130 Μήδωνκαὶ
880 2038 1042 2128 Θηβαίων,
1070 2033 1122 2106 ὅτι
1144 2027 1300 2105 τάναντία

179 2160 250 2233 τοῖς
266 2149 420 2245 Ἕλλησιν
443 2151 661 2244 tpdxomom).

269 2287 341 2368 Qua
364 2290 404 2357 de
428 2292 596 2375 rogatione
626 2291 711 2358 docti
739 2292 954 2358 Athenienses
983 2311 1092 2356 omues
1121 2297 1211 2356 tauta
1239 2290 1299 2355 ira-

180 2406 297 2473 cundia
321 2408 545 2493 efferbuerunt,
571 2416 605 2474 ut
629 2407 792 2473 Thebanis
818 2408 932 2472 bellurn
963 2406 1049 2473 illico
1077 2405 1219 2472 indicere
1243 2428 1296 2472 vo-

180 2524 304 2590 luerint.
344 2525 457 2608 Neque
474 2531 523 2590 est
540 2523 680 2608 dubium,
706 2524 782 2606 quin
799 2523 1012 2589 Athenienses
1029 2543 1086 2606 pro
1103 2521 1298 2606 implacabili

180 2639 264 2724 odio,
283 2660 346 2724 quo
359 2640 531 2708 Thebanos
547 2640 611 2706 iam
628 2639 747 2705 dudum
764 2641 1085 2726 pe1·sequebantur³),
1110 2639 1218 2705 statim
1235 2639 1298 2702 illis

180 2755 297 2822 bellum
321 2756 442 2824 illaturi
465 2756 598 2842 tuerint,
626 2757 688 2822 nisi
711 2756 879 2842 Philippus
905 2777 974 2822 cum
999 2755 1141 2822 exercitu
1165 2775 1223 2821 suo
1247 2774 1296 2820 su-

180 2871 246 2938 bito
271 2871 440 2938 Graeciam
464 2871 691 2958 intravissetr).

268 3006 381 3091 Itaque
413 3007 467 3072 illo
499 3015 658 3100 tempore,
689 3027 752 3090 quo
776 3006 990 3073 Athenienses
1020 3005 1060 3072 de
1092 3005 1208 3070 iniuria
1237 3004 1298 3070 sibi

178 3122 270 3189 illata
301 3123 451 3190 certiores
483 3125 560 3190 facti
592 3143 662 3189 curn
691 3122 855 3188 Thebanis
885 3123 1029 3206 protinus
1058 3122 1178 3187 bellare
1208 3123 1297 3186 volu-

179 3247 281 3322 erunt,
305 3240 538 3306 Demosthenes
558 3239 736 3305 orationem
759 3238 925 3306 habiturus
949 3239 1050 3305 fuisse
1073 3237 1209 3322 videtur,
1234 3258 1299 3320 qua

178 3355 251 3422 illos
275 3355 477 3440 admoneret,
502 3375 541 3421 ne
566 3363 685 3422 temere
709 3364 858 3440 agerent,
884 3355 942 3422 sed
966 3363 1032 3420 tum
1056 3354 1198 3438 demum,
1228 3374 1298 3419 curn

179 3472 257 3537 satis
282 3471 396 3538 armati
419 3492 458 3538 ac
482 3471 586 3556 parati
603 3480 720 3555 essent,
744 3470 933 3537 invaderent
957 3471 1089 3536 bostem.
1138 3469 1238 3548 Quem
1255 3469 1298 3535 ad

178 3587 274 3654 finem
299 3597 457 3655 oratorem
480 3588 540 3655 hoo
565 3587 759 3672 prooemium
782 3587 956 3671 perfecisse
980 3586 1126 3653 arbitror.

268 3711 334 3779 Sed
358 3712 413 3779 vix
433 3713 601 3798 Philippus
626 3713 772 3779 omnibus
790 3711 1055 3797 necopinantibus
1072 3712 1227 3795 Elateam,
1251 3710 1296 3775 ia-

270 3909 294 3978 1)
317 3907 395 3963 Deru.
415 3909 447 3964 de
466 3923 531 3978 pace
551 3911 592 3973 63,
615 3911 655 3962 17.

268 3999 294 4068 2)
318 3998 414 4053 Aesch.
434 4014 456 4052 e.
475 3996 595 4067 Ctesiph.
618 4001 676 4064 116,
696 4003 720 4052 5.
757 3997 789 4051 F.
808 3995 943 4050 Fra-nkius
955 3995 987 4050 de
1006 3994 1120 4048 decretis
1139 3993 1297 4064 Amphicty-

177 4104 256 4140 onum
275 4105 301 4158 p.
322 4091 347 4143 7.
1243 4125 1246 4134 .

267 4178 293 4246 3)
316 4176 394 4230 Deru.
415 4193 452 4230 or.
473 4175 550 4244 Olyn.
570 4175 592 4229 I.
615 4179 654 4241 ld,
675 4179 723 4244 ‘20;
743 4174 794 4228 III.
813 4177 856 4240 30,
876 4177 923 4240 273
943 4171 975 4226 do
994 4188 1047 4225 eor.
1067 4175 1127 4237 230,
1147 4175 1190 4226 27.
1222 4171 1296 4224 Plut.

179 4267 256 4321 Deru.
279 4270 319 4322 17.
356 4265 453 4320 Aeseh.
473 4282 496 4319 o.
516 4264 636 4335 Ctesiph.
659 4267 716 4328 116,
737 4268 779 4318 70.

267 4360 293 4426 A)
317 4357 394 4411 Dem.
415 4357 447 4409 do
466 4372 519 4410 cor.
541 4359 601 4419 281,
621 4358 753 4419 26-,281,
775 4358 815 4408 18.
1117 4425 1137 4490 2
