3102 4912
661 581 819 680 ἐξ..

222 793 365 859 Prooem.
404 793 460 857 IX.
500 795 602 878 1424,
648 795 708 857 25:

178 901 267 996 λήσει
295 903 333 974 τό
366 911 484 997 ῥᾷστον
516 911 581 974 τῶν
611 906 711 996 ἔργων

179 1027 293 1109 ποιεῖν,
318 1017 416 1090 αὑτὸν
438 1023 617 1104 ἐξαπατῶν.

224 1142 365 1207 Prooem.
393 1143 447 1207 IX.
472 1143 562 1226 1425,
592 1145 625 1207 1:
650 1136 711 1227 ε’γω
759 1179 763 1198 ι

178 1256 214 1323 δὲ
238 1255 357 1341 νομίζω
383 1261 496 1345 χρῆναι
528 1252 585 1323 τόν
616 1250 711 1324 πόλει

180 1373 254 1462 περὶ
271 1367 472 1460 πραγμάτων
490 1374 713 1461 ἐπιχειροῦντα

179 1481 405 1576 συμβουλεύειν
420 1491 545 1573 μᾶλλον
561 1483 652 1568 ὅπως
672 1485 713 1556 τὰ

178 1599 317 1685 δόξαντα
353 1604 493 1673 συνοίσει
525 1611 661 1672 σκοπεῖν
691 1598 713 1694 ἢ

180 1717 271 1801 ὅπως
310 1720 341 1790 οῖ
388 1726 584 1810 παραχρῆμα
622 1715 713 1808 λόγοι

178 1832 269 1926 χάριν
292 1836 407 1918 ἕξουσι.
432 1841 480 1906 δεῖ
496 1833 555 1925 γὰρ
571 1845 641 1916 τοῖς
658 1838 714 1905 ἐπὶ

179 1959 244 2021 τῶν
266 1941 371 2042 λόγων
400 1943 605 2038 εὐδοκιμοῦσι
634 1977 715 2039 συμ-

180 2063 335 2160 φέροντος
358 2096 446 2150 τινος
478 2067 569 2159 ἔργον
599 2071 715 2158 πρᾶξιν

181 2192 361 2275 προσεῖναι,
385 2188 440 2253 ἵνα
462 2183 505 2275 μὴ
532 2190 587 2253 νῦν
605 2180 714 2271 μόνον,

180 2292 249 2370 ἀλλ’
286 2291 335 2369 ἆεὶ
366 2298 408 2368 τὰ
438 2302 579 2392 ῥηθέντα
608 2305 715 2382 καλῶς

180 2417 235 2508 ἔχη
259 2429 291 2486 et
320 2440 460 2504 prooem.
490 2421 592 2487 XVII.
622 2423 714 2506 1429,

186 2539 242 2603 17:
266 2527 350 2602 ἀλλὰ
365 2538 413 2624 τηῖ
429 2531 505 2614 τοὺς
520 2535 579 2620 μὲν
594 2532 716 2602 ἑαυτῶν

182 2650 274 2719 ἕνεκα
305 2653 496 2740 δημηγορεῖν
529 2652 584 2718 καὶ
620 2653 717 2718 πολι-

182 2761 345 2850 τεόεσδαι,
368 2763 443 2846 τοδς
467 2768 502 2834 δὲ
524 2761 626 2857 μήπω
643 2760 717 2834 τοό-

181 2911 240 2951 του
264 2878 445 2962 δεδωκότας
462 2891 577 2971 πεῖραν
592 2885 718 2967 μᾶλλον

183 2995 275 3080 ὅπως
298 2989 331 3067 εὖ
347 2993 476 3080 δόξουσι
493 2999 596 3088 λέγειν
614 3022 718 3067 σπου-

183 3110 289 3198 δάζειν
311 3108 333 3205 ἢ
350 3119 420 3195 πῶς
436 3113 528 3205 ἔργον
551 3116 584 3196 ἐξ
599 3104 643 3183 ὧν
666 3115 717 3183 λε’-

184 3231 276 3319 γοισί
296 3257 328 3298 τι
345 3232 510 3321 συμφέρον
530 3225 718 3321 πραχθήσε-

183 3374 238 3414 ται
254 3358 286 3416 et
303 3371 443 3434 prooem.
464 3350 601 3416 XXXII.
622 3353 716 3435 1441,

187 3470 244 3531 11:
268 3469 322 3531 νῦν
345 3453 376 3531 δ’
403 3461 483 3532 ἔνιοί
507 3491 564 3549 μοι
585 3467 717 3532 δοκοῦσι

185 3574 377 3647 παντάπασι
402 3576 461 3668 την
484 3569 551 3647 όπό
582 3585 641 3648 τοῦ
664 3575 719 3648 λό-

185 3722 242 3783 γου
277 3690 373 3776 δόξαν
411 3685 616 3785 ἠγαπηκότες
655 3701 719 3764 τῶν

183 3808 265 3899 μετὰ
273 3817 376 3879 ταῦτα
385 3811 636 3901 συμβησομένων
647 3805 720 3896 όμῖν

185 3919 278 3996 οόδὲν
304 3927 486 4018 φροντίζειν
515 3939 547 3995 et
576 3951 717 4014 prooem.

184 4048 337 4113 XXXIII.
365 4050 463 4132 1442,
489 4048 550 4113 24:
582 4045 638 4110 καὶ
661 4041 719 4134 γὰρ

185 4155 229 4241 ὡς
251 4154 456 4229 δικαιότατοι
479 4163 544 4227 τῶν
557 4153 720 4249 Ἑλλήνων

184 4277 266 4359 ἐστὲ,
292 4272 401 4344 πολλὰ
417 4275 521 4343 εἰπεῖν
542 4277 596 4343 καὶ
613 4269 719 4364 ἑώρων

185 4393 241 4460 καὶ
257 4385 331 4482 δρῶ,
351 4393 406 4460 καὶ
422 4385 465 4472 ὡς
481 4380 622 4481 όρῖστων
638 4415 719 4481 προ-

810 793 897 859 Orat.
923 794 1052 878 Olynth.
1078 794 1133 858 III.
1158 797 1211 877 33,
1239 797 1300 858 28;

766 902 880 996 διόπερ
904 912 1023 998 ῥᾷστον
1038 900 1196 974 ἁπάντων
1213 907 1301 974 ἐστὶν

766 1017 864 1092 αότδν
887 1024 1099 1113 ἐξαπατῆσαι.

812 1145 899 1211 Orat.
915 1142 994 1207 Phil.
1008 1127 1153 1225 111.'110‚
1175 1145 1213 1206 15
1231 1162 1300 1224 sqq.

768 1269 800 1326 et
824 1266 902 1325 orat.
934 1258 1062 1344 Olynth.
1087 1259 1142 1322 III.
1168 1259 1228 1340 34,
1262 1258 1301 1322 14

768 1398 837 1460 sqq.
870 1384 902 1442 et
931 1382 1010 1440 orat.
1042 1373 1083 1439 de
1115 1373 1167 1437 Iib.
1198 1370 1300 1437 Rhod.

769 1496 843 1576 201,
868 1496 973 1575 2sqq.
998 1489 1071 1556 vide
1095 1490 1178 1554 infra
1202 1510 1231 1572 p.
1249 1491 1300 1554 34.
