3102 4912
706 567 864 665 A

315 778 362 844 Ac
377 777 520 862 prolecto
537 777 922 864 etAntiphontem1)
938 785 970 844 91
994 777 1199 864 Oritiaml)
1224 786 1256 845 91
1273 779 1343 846 (19-

226 891 420 980 phulum3)
452 901 484 959 91
508 892 902 980 Thrasymachum)
934 894 1016 960 tales
1041 893 1244 960 collectiones
1272 915 1344 979 pro-

226 1011 397 1075 oemiorum
422 1009 590 1093 scripsisse
614 1019 663 1076 est
686 1010 778 1076 nobis
803 1007 964 1077 traditum.

315 1151 405 1230 Quae
423 1173 493 1219 oum
509 1153 556 1218 itu
571 1152 644 1239 sint,
669 1151 747 1236 qnid
764 1153 880 1236 obstet,
905 1151 981 1235 quin
1001 1153 1248 1219 Demosthenem
1265 1174 1342 1238 quo-

226 1289 287 1351 que
311 1269 468 1336 eiusmodi
493 1269 712 1335 collectionem
737 1267 955 1353 composuisse
979 1267 1192 1335 arbitremur?

313 1412 356 1478 At
377 1412 459 1480 hono
475 1412 705 1498 collectionem,
726 1419 759 1478 ut
777 1412 935 1478 Blassio
954 1412 972 1477 1.
991 1413 1009 1478 l.
1027 1411 1162 1496 videtur,
1180 1412 1345 1480 circiter

224 1548 373 1594 annum
405 1529 750 1594 trecentesimum
781 1526 1293 1612 undequinquagesimum
1324 1552 1345 1595 a

225 1643 444 1710 Demosthene
461 1643 674 1728 conscriptam
690 1663 772 1727 esse,
797 1643 883 1725 quod
906 1644 939 1708 in
962 1665 1002 1709 ea
1025 1665 1072 1709 ex
1095 1645 1343 1711 orationihus

224 1768 316 1845 post
339 1758 449 1825 illud
474 1768 630 1844 tempus
660 1758 817 1824 habitis
841 1780 974 1842 neque
1004 1767 1095 1826 tota
1126 1761 1345 1843 prooemia

224 1897 354 1960 neque
383 1896 550 1960 magnae
581 1883 744 1960 partes,
777 1873 835 1941 sed
865 1895 1021 1941 summum
1052 1874 1199 1960 singulae
1222 1881 1344 1943 contor-

225 1994 382 2058 mationes
400 2001 433 2058 91
448 1992 549 2057 verba
566 1999 760 2076 repetantur,
786 2012 846 2074 ego
863 2012 925 2057 non
942 1991 1111 2088 intellego..
1144 1993 1227 2058 Nam
1242 1993 1343 2077 primo

224 2110 320 2174 etiam
344 2107 377 2173 in
401 2109 447 2174 eis
466 2108 674 2191 orationibus,
699 2129 782 2190 quae
806 2114 901 2191 post
924 2128 1065 2174 annum
1090 2109 1343 2176 trecentesi-

223 2246 318 2291 mum
342 2223 847 2309 undequinquagesimum
871 2223 1001 2290 habitae
1019 2233 1101 2309 sunt,
1126 2246 1199 2289 non
1223 2226 1343 2291 solum

223 2361 372 2425 parvas
402 2339 474 2407 sed
504 2340 628 2406 etiam
658 2360 831 2424 magnas
863 2346 1006 2424 partes
1036 2360 1077 2406 ex
1100 2340 1149 2407 hIs
1172 2342 1343 2426 prooemiis

207 2464 367 2542 sumptas
391 2456 567 2541 reperimus
591 2464 657 2522 tum
682 2445 802 2522 eisdem
819 2463 884 2520 tum
901 2455 1057 2522 similibus
1077 2457 1184 2523 verbis
1200 2457 1287 2524 velut
1310 2457 1342 2522 in

223 2595 267 2639 or.
294 2572 334 2639 (19
359 2572 467 2638 Chers
493 2575 550 2657 99,
587 2575 625 2637 12
649 2581 681 2638 et
712 2573 744 2636 in
775 2591 914 2655 prooem.
940 2573 962 2637 l.
991 2575 1086 2656 1419,
1110 2574 1147 2655 3,
1173 2572 1209 2658 Ι19
1233 2594 1277 2639 or.
1302 2573 1343 2639 de

224 2690 294 2756 sals.
312 2690 374 2772 leg.
392 2691 467 2772 368,
494 2691 534 2754 12
551 2696 583 2755 et
599 2689 631 2754 in
647 2708 786 2773 prooem.
803 2689 843 2754 II.
864 2689 957 2773 1419,
981 2691 1041 2771 25,
1064 2689 1096 2752 in
1121 2709 1164 2755 or.
1186 2688 1267 2754 Phil.
1285 2689 1341 2754 III.

225 2806 297 2888 110,
318 2808 357 2870 15
382 2814 414 2871 91
438 2805 471 2869 in
488 2825 533 2870 or.
552 2804 631 2870 l’hil.
652 2807 690 2871 Il.
709 2807 760 2890 68,
783 2806 821 2869 17
838 2811 935 2888 atque
956 2804 987 2869 in
1004 2824 1143 2890 prooem.
1161 2805 1229 2872 VII.
1248 2807 1342 2890 1423,

224 2923 240 2986 1
267 2929 299 2987 91
321 2921 354 2985 in
378 2940 519 3005 prooem.
539 2922 594 2986 IX.
624 2922 716 3006 1425,
748 2927 760 2986 1
786 2930 819 2987 91
843 2920 874 2985 in
898 2941 1038 3005 prooem.
1055 2922 1157 2986 XVII.
1185 2923 1279 3006 1429,
1303 2924 1340 2987 17

224 3044 256 3103 91
278 3057 417 3121 prooem.
441 3037 578 3101 XXXII.
601 3040 692 3121 1441,
721 3041 779 3121 11,
810 3038 842 3102 in
867 3059 910 3103 or.
935 3035 976 3102 (19
1001 3057 1063 3103 cor.
1088 3039 1163 3120 319,
1191 3039 1231 3100 14
1255 3044 1287 3104 91
1309 3037 1342 3101 in

221 3173 360 3237 prooem.
384 3153 457 3219 XII.
479 3155 574 3237 1426,
603 3156 660 3235 15,
683 3153 715 3218 in
741 3174 784 3219 or.
809 3153 890 3219 Phil.
908 3154 946 3218 11.
972 3156 1023 3236 74,
1047 3154 1069 3217 4
1092 3159 1124 3218 91
1148 3152 1179 3216 iu
1203 3173 1340 3237 prooem.

220 3269 288 3334 XV.
317 3271 410 3354 1428,
435 3270 478 3333 20
502 3277 534 3334 91
557 3268 740 3334 XXXVIII.
761 3271 855 3353 1447,
880 3271 919 3353 4,
944 3269 976 3333 in
1001 3289 1045 3334 or.
1064 3269 1104 3334 (19
1122 3289 1183 3335 cor.
1201 3272 1276 3353 292,
1303 3271 1341 3334 16

221 3393 253 3451 91
276 3385 308 3449 in
332 3405 471 3469 prooem.
496 3375 597 3450 XXV.
617 3387 711 3468 1436,
740 3389 772 3468 1,
797 3385 829 3449 in
854 3406 897 3450 or.
921 3384 1001 3450 Phil.
1018 3385 1074 3451 Ill.
1093 3387 1167 3469 111,
1189 3387 1231 3449 23
1256 3394 1288 3451 91
1308 3383 1341 3449 in

222 3521 361 3585 prooem.
381 3500 484 3565 XXX.
504 3503 599 3585 1440,
625 3505 661 3583 8,
686 3500 717 3564 in
742 3522 786 3566 or.
804 3501 844 3566 de
861 3522 924 3566 cor.
943 3503 1017 3585 291,
1040 3503 1078 3566 13
1102 3500 1182 3567 9119
1199 3521 1339 3586 prooem.

220 3617 352 3682 XXXV.
381 3619 473 3700 1444,
499 3619 559 3699 21,
590 3616 622 3680 in
647 3637 691 3681 or.
716 3616 757 3682 (19
781 3615 889 3685 Chers.
917 3619 993 3700 109,
1027 3620 1065 3682 12
1090 3617 1178 3683 etin
1202 3637 1339 3702 prooem.

219 3732 303 3797 XLI.
332 3734 424 3816 1449,
456 3737 508 3818 14,
534 3733 564 3797 in
589 3753 632 3798 or.
657 3732 739 3797 Phil.
763 3733 816 3798 IV.
837 3736 910 3818 141,
935 3736 954 3798 3
979 3740 1011 3799 91
1035 3733 1067 3798 in
1092 3753 1231 3818 prooem.
1256 3733 1339 3798 XLI.

312 3949 323 3996 1
360 3945 423 4012 Frg.
444 3947 548 3998 70-72
568 3943 640 4014 apud
659 3944 768 3998 Suidam
787 3949 815 3998 91
833 3944 978 3998 Pollucem.

309 4039 324 4086 2
357 4033 484 4100 Hormog.
506 4051 533 4084 π.
552 4029 579 4082 lul
597 4032 640 4102 Sp.
655 4033 691 4099 Il,
711 4051 737 4104 p.
752 4037 818 4088 416:
838 4035 891 4097 ἔχει
912 4029 941 4084 δὲ
955 4029 1090 4097 πολλαχοῦ
1109 4037 1154 4084 καὶ
1172 4027 1290 4099 μάλιστα
1309 4037 1340 4085 ἐν

221 4127 275 4177 τοῖς
304 4120 310 4135 “
328 4126 485 4193 μηγοριιιοῖς
505 4127 661 4192 προοιμίοις
679 4125 723 4172 καὶ
743 4117 774 4172 τὸ
793 4115 933 4188 ἀληθινόν
952 4143 981 4174 τε
1001 4127 1046 4172 καὶ
1065 4115 1199 4173 πιθανόν.

308 4212 335 4281 3)
358 4211 432 4265 Suirl.
452 4207 574 4281 Κέφαλος
592 4204 681 4282 ῥήτωρ
700 4215 745 4261 καὶ
769 4204 938 4284 δημαγωγός,
964 4207 992 4266 ils
1013 4211 1122 4284 πρῶτος
1141 4217 1272 4280 προοίμια
1296 4216 1341 4264 καὶ

220 4294 363 4374 ἐπιλόγους
386 4299 545 4371 προσέθηκε.

308 4393 335 4457 4)
358 4391 457 4447 Athen.
486 4391 518 4458 X,
539 4395 590 4446 416
603 4389 637 4447 Α.
