3102 4912
758 581 797 647 13

218 792 379 860 orationes
392 793 513 878 sculpta
525 801 557 859 et
570 801 692 879 postea,
706 801 741 860 ut
753 795 838 861 infra
849 815 1056 882 exponemus,
1069 796 1337 864 huic-oolleotioni

216 907 329 976 addita
353 929 424 975 esse
448 908 604 977 videntur.

304 1027 355 1090 Ao
381 1025 524 1109 profecto
553 1027 750 1111 prooemium
774 1029 833 1094 VII
860 1028 892 1093 in
923 1027 1066 1095 oratione
1098 1029 1138 1096 de
1169 1031 1335 1116 classibus,

216 1141 413 1224 prooemium
437 1141 514 1208 VIII
540 1143 573 1207 in
598 1143 742 1210 oratione
772 1165 829 1228 pro
853 1144 1107 1230 Megalopolitis,
1139 1146 1336 1230 prooemium

216 1257 338 1322 XXVII
363 1257 395 1322 in
422 1257 566 1324 oratione
591 1258 631 1325 de
656 1259 804 1326 libertate
828 1258 1023 1326 Rhodiorum
1041 1261 1163 1328 eisdem
1181 1262 1249 1327 fere
1266 1283 1335 1328 ver·

216 1372 265 1438 bis
289 1371 468 1441 adhibitum
491 1375 679 1441 invenimus.
726 1377 839 1459 ltaque
863 1376 1003 1444 dubitari
1027 1399 1090 1444 non
1114 1386 1230 1462 potest,
1260 1379 1336 1462 quin

215 1487 296 1555 haee
319 1490 485 1574 prooemia
508 1511 570 1556 non
588 1491 634 1556 ita
650 1491 749 1558 multo
766 1500 841 1558 ante
858 1513 953 1576 quam
969 1493 1045 1560 illae
1062 1494 1224 1560 orationes
1244 1495 1336 1580 ipsae

215 1605 279 1672 sint
303 1607 492 1690 conscripta.
541 1606 605 1673 Sed
623 1607 719 1673 etiam
736 1609 901 1693 prooemia
920 1609 1000 1675 XXI
1024 1618 1056 1676 et
1079 1611 1188 1677 XXIV
1214 1611 1337 1693 aliquot

215 1722 308 1788 annis
332 1730 405 1808 post
430 1723 607 1808 composita
626 1728 703 1790 'sunt
732 1745 826 1808 quam
857 1725 915 1791 illa
938 1725 1093 1793 collectio.
1140 1727 1224 1792 Nam
1250 1726 1335 1810 quod

214 1838 485 1923 Broughamus
509 1842 529 1906 l.
547 1842 566 1905 l.
583 1841 707 1907 notavit
723 1841 763 1907 de
781 1842 942 1926 prooemio
959 1843 1077 1927 XXIV,
1102 1841 1188 1909 idem
1206 1842 1247 1909 de
1263 1864 1335 1927 pro·

215 1955 318 2022 oemio
335 1956 415 2021 XXI
431 1954 602 2023 dicendum
618 1977 690 2024 esse
708 1958 785 2022 mihi
800 1957 936 2025 videtur.
984 1959 1074 2025 Haeo
1091 1959 1154 2025 duo
1175 1959 1337 2043 prooemia

214 2071 243 2137 si
265 2072 447 2157 legerimus,
472 2073 554 2140 siout
578 2074 774 2158 prooemium
790 2075 898 2141 XXIV
916 2074 1018 2159 primo
1040 2076 1192 2160 scriptum
1216 2083 1275 2161 est,
1301 2082 1336 2140 ut

214 2188 246 2254 in
278 2189 422 2256 oratione
458 2189 498 2256 de
529 2189 677 2257 libertate
704 2190 901 2258 Rhodiorum
929 2199 1154 2276 usurparetur,
1189 2192 1235 2257 ita
1262 2211 1335 2275 pro-

214 2305 351 2371 oemium
382 2305 461 2370 XXI
490 2305 647 2390 prinoipio
675 2307 718 2372 ad
747 2305 882 2392 primam
913 2307 1088 2374 orationem
1120 2307 1335 2392 Philippieam

214 2432 378 2488 exaratum
403 2442 474 2488 esse
497 2421 703 2490 inveniemus.
749 2423 833 2488 Nam
849 2422 1027 2489 sententiae
1045 2442 1154 2490 eorum
1179 2423 1335 2489 cumillis
1434 2432 1437 2438 ’

214 2538 412 2605 orationibus
436 2537 653 2622 singularibus
678 2546 857 2623 congruunt
880 2539 1008 2623 optime.

303 2655 480 2722 Blassius
506 2654 636 2738 quidem
659 2657 731 2738 (1.1.
755 2658 820 2722 283
844 2655 1011 2742 Anmerk.)
1036 2654 1335 2738 Broughamum

213 2781 300 2850 reete
323 2771 442 2839 sentire
466 2779 573 2854 negat.
622 2770 687 2837 Sed
712 2771 792 2837 haeo
821 2757 872 2838 res
896 2793 959 2838 non
983 2771 1030 2837 ita
1053 2791 1088 2838 se
1116 2771 1230 2853 habet;
1262 2791 1336 2834 narn

214 2888 497 2972 Broughamus
514 2888 711 2972 prooemium
727 2889 849 2972 XXIII,
875 2889 938 2954 nori
956 2889 1060 2972 XXII,
1086 2894 1121 2952 ut
1137 2886 1183 2953 illi
1199 2885 1334 2971 videtur,

214 3005 316 3090 primo
339 3004 382 3070 ad
411 3004 587 3071 orationem
616 3002 657 3069 de
685 3003 833 3070 libertate
856 3002 1053 3070 Rhodiorum
1081 3003 1235 3087 scriptam
1263 3023 1335 3069 esse

213 3121 346 3189 notavit.
392 3122 462 3187 Hoo
485 3128 591 3186 autem
616 3120 718 3187 estin
743 3119 884 3187 editione
910 3118 1115 3186 Dindorl'ii
1137 3118 1334 3203 prooemium

213 3239 332 3323 XXIV,
357 3237 398 3304 de
422 3259 485 3321 quo
509 3236 784 3320 Brougbamus·
803 3235 880 3302 anibi
905 3234 1034 3319 quidem
1058 3235 1235 3302 rectissime
1259 3255 1330 3300 seu-

213 3355 295 3422 sisse
320 3353 455 3421 videtur.
502 3355 586 3420 Nam
610 3374 661 3420 res
685 3361 735 3420 est
758 3352 847 3419 haeo.
1062 3339 1070 3354 '

301 3472 394 3537 Anno
423 3469 645 3537 trecentesimo
674 3469 939 3553 quinquagesimo
967 3468 1102 3554 septimo
1135 3467 1254 3533 bellurn
1283 3487 1332 3532 so-

214 3588 295 3656 ciale
311 3595 455 3654 exortum
472 3593 530 3671 est,
547 3586 622 3670 quia
637 3584 765 3669 Rhodii,
791 3585 871 3669 Chii,
897 3583 964 3669 Coi,
990 3583 1147 3668 Byzantii,
1168 3581 1333 3666 Perintbii,

215 3701 401 3789 Selymbrii,
432 3702 651 3787 Chalcedonii,
682 3700 865 3768 divitissimi
895 3708 926 3767 et
958 3697 1170 3785 potentissimi
1193 3697 1333 3763 omnium

213 3821 380 3906 sociorum,
405 3821 445 3886 ab
469 3818 719 3899 Atheniensibus
743 3808 848 3902 pressi
870 3838 910 3883 ao
932 3815 1040 3882 uexati
1064 3814 1248 3882 defecerant
1260 3813 1295 3900 1).

303 3935 365 4015 Qui
389 3936 552 4020 timentes,
577 3955 617 4001 ne
642 3934 767 4019 Ochus,
796 3954 854 4000 rex
877 3933 1064 4016 Persarum,
1097 3929 1242 3998 hostibus
1266 3929 1333 3995 suis

213 4052 335 4119 auxilio
357 4052 494 4137 veniret,
519 4072 559 4116 ea
583 4050 781 4136 conditione,
810 4057 844 4115 ut
867 4049 913 4115 illi
938 4048 1030 4114 liberi
1053 4054 1178 4130 essent,
1203 4052 1333 4112 aurotore

213 4170 337 4236 Eubulo
360 4189 474 4254 paoem
497 4167 642 4235 fecerunt
663 4167 686 4252 ).

305 4331 329 4396 1)
353 4329 487 4382 Diodorus
502 4331 542 4392 lo,
557 4331 581 4386 7,
609 4326 684 4379 Deru.
696 4342 733 4380 or.
745 4325 777 4378 de
787 4325 877 4380 libert.
887 4324 976 4378 Rhorl.
991 4328 1048 4388 191,
1060 4329 1084 4388 b,
1098 4327 1143 4388 ¹¹3
1166 4326 1223 4386 1118,
1240 4325 1332 4387 10,14.

302 4421 329 4486 2)
351 4417 430 4472 Diod.
453 4420 492 4483 16,
512 4420 554 4471 22.
