3102 4912
693 562 737 625 23

241 773 325 836 Nam
349 791 389 835 ex
413 770 734 855 undequinquaginta
759 771 930 855 prooemiis
949 772 1155 857 collectionis,
1179 794 1273 855 quarn

154 879 387 953 Demosthenes
412 887 603 970 conseripsit
627 887 704 972 (non
730 887 813 952 eninr
838 897 924 973 sunt,
954 895 988 954 ut
1012 909 1110 972 supra
1133 888 1272 973 explica-

152 1003 264 1087 vimus,
290 1010 413 1086 septem
436 1002 469 1067 in
499 1002 559 1068 hae
584 1003 771 1069 collectione
796 1003 1023 1089 numeranda),
1056 1011 1177 1070 tantum
1210 1004 1273 1070 duo

153 1119 261 1203 elegit,
287 1126 322 1184 ut
345 1139 385 1184 ea
401 1117 569 1184 adhiberet
590 1117 632 1182 ad
649 1119 821 1203 prooemia,
846 1119 918 1185 dieo
935 1119 1100 1204 prooemia
1124 1121 1137 1185 l
1161 1127 1194 1186 et
1208 1122 1273 1205 lli,

153 1254 286 1318 quorum
310 1235 412 1300 altero
437 1235 468 1298 in
494 1233 596 1318 prima
614 1235 758 1301 oratione
775 1235 967 1320 Philippica,
991 1237 1091 1302 altero
1115 1236 1147 1301 in
1172 1237 1274 1321 prima

153 1351 297 1418 oratione
321 1351 516 1434 Olynthiaoa
541 1357 590 1416 est
615 1369 699 1417 usus.

243 1483 308 1550 Sed
332 1483 413 1550 haee
429 1484 596 1569 usurpavit
619 1506 681 1549 non
706 1483 828 1570 eadem,
854 1505 936 1568 quae
960 1486 992 1550 in
1018 1486 1205 1552 collectione
1229 1487 1272 1552 le-

152 1601 271 1684 gimus‚
296 1600 354 1666 sed
379 1600 483 1666 denuo
508 1601 727 1685 pertractavit,
752 1622 815 1684 quo
839 1603 957 1666 iactum
983 1609 1041 1687 est,
1066 1610 1100 1667 ut
1124 1603 1275 1668 nonnulla

151 1717 264 1800 verba,
295 1737 378 1800 quae
406 1717 436 1782 ei
465 1737 575 1801 parurn
600 1718 718 1783 idonea
748 1738 818 1784 esse
842 1717 1048 1802 videbantur,
1081 1725 1218 1785 mutaret
1242 1726 1274 1785 et

153 1832 270 1916 omnia,
296 1853 379 1916 quae
403 1853 644 1917 supervacanea
667 1841 768 1912 erant,
793 1855 922 1918 prorsus
947 1834 1117 1901 omitteret.

243 1968 356 2050 Itaque
381 1967 475 2032 l'aoile
499 1967 704 2051 intellegitur,
730 1987 786 2032 cur
810 1967 890 2033 haee
910 1968 1074 2051 prooemia
1097 1969 1274 2034 orationum

153 2103 173 2147 a
196 2083 368 2167 prooemiis
381 2083 592 2168 collectionis,
618 2104 681 2166 qua
697 2083 729 2146 in
754 2103 787 2148 re
812 2083 1065 2168 Spengelius
1089 2085 1108 2151 l.
1124 2085 1144 2150 l.
1161 2106 1190 2169 p.
1212 2089 1275 2153 110

153 2206 186 2264 et
209 2200 261 2262 Ar.
287 2198 540 2265 Schaet'erus
565 2199 584 2262 l.
603 2200 621 2263 l.
638 2220 668 2283 p.
689 2201 751 2264 129
769 2199 943 2283 offendunt,
968 2199 1032 2266 sint
1048 2199 1273 2284 discrepantia.

242 2316 289 2380 Ac
307 2314 347 2380 de
364 2335 421 2380 sex
439 2314 610 2399 prooemiis
628 2315 825 2381 collectionis
842 2316 866 2400 1,
885 2317 925 2400 ll,
951 2316 1020 2400 XV,
1044 2317 1134 2400 XIX,
1158 2316 1272 2401 XLVI,

153 2431 270 2515 XLIX,
295 2430 414 2514 singuli
438 2431 508 2514 loci,
533 2438 568 2496 ut
592 2439 705 2514 postea
729 2431 1032 2515 demonstrabimus,
1058 2431 1217 2516 desumpti
1242 2439 1274 2498 et

154 2545 187 2610 in
211 2547 383 2630 prooemiis
407 2547 585 2612 orationum
610 2556 684 2612 sunt
707 2547 860 2630 usurpati.
914 2548 963 2612 Ex
991 2548 1154 2631 prooemio
1178 2548 1274 2613 XXX

155 2670 264 2728 orator
288 2683 436 2748 magnam
461 2672 583 2747 partem
608 2673 639 2728 et
662 2663 695 2727 in
712 2663 874 2747 prooemio
891 2663 1006 2728 tertiae
1029 2663 1182 2730 orationis
1198 2663 1273 2729 Phi·

154 2778 295 2863 lippicae
320 2779 407 2845 etin
431 2780 621 2845 tractatione
645 2779 766 2863 primae
790 2779 944 2845 orationis
961 2779 1161 2863 Philippicae
1182 2778 1272 2844 adhi-

156 2893 232 2962 bnit.
271 2893 334 2960 Sed
360 2895 472 2961 ceteris
498 2894 585 2978 locis,
615 2915 694 2977 quos
719 2895 772 2960 ille
796 2916 837 2959 ex
860 2894 908 2959 his
933 2895 1103 2980 prooemiis
1127 2894 1273 2980 sumpsit,

154 3010 302 3076 omnibus
325 3010 357 3075 in
381 3011 572 3077 tractatione
596 3018 628 3075 et
652 3010 682 3074 in
708 3011 835 3094 epilogo
860 3011 1013 3077 orationis
1037 3019 1085 3076 est
1109 3031 1194 3077 usus.

245 3152 339 3231 Quod
363 3173 426 3236 quo
443 3152 615 3218 dilucidius
634 3173 874 3238 cognoscamus,
898 3153 982 3218 infra
997 3152 1167 3219 afferemus
1185 3153 1273 3220 locos

154 3261 186 3334 et
210 3269 385 3335 sententias
409 3268 520 3334 horum
538 3269 781 3353 prooemiorum,
806 3290 886 3352 quas
907 3269 939 3334 in
958 3269 1031 3336 aliis
1048 3269 1274 3337 Demosthenis

155 3384 353 3450 orationibus
377 3392 578 3470 repetuntur:

199 3529 342 3595 Prooem.
360 3530 494 3613 1.1419,
514 3533 549 3594 1;
574 3522 684 3616 ἐπειδὴ
713 3528 715 3598 l
787 3529 873 3595 Orat.
899 3527 939 3594 de
963 3549 1043 3613 paee
1058 3531 1111 3612 57,
1139 3532 1173 3594 1:
1194 3518 1275 3614 ‘0915

154 3633 199 3724 δ’,
231 3635 274 3722 ὡς
309 3637 451 3722 ἅπαντας
486 3632 590 3731 ὁρᾶν),
625 3639 685 3726 ἔχει
714 3603 716 3687 ί
741 3643 817 3726 μὲν,
847 3628 873 3709 (ί
902 3635 931 3708 d.
958 3631 1024 3722 'A.‚
1056 3638 1098 3708 τὰ
1126 3635 1274 3730 παρόντα

154 3761 238 3844 (scil.
251 3754 292 3826 τὰ
307 3753 497 3848 πράγματα)
514 3757 688 3826 δυσκολίαν
713 3730 715 3783 ί
743 3752 918 3845 πράγματα
946 3753 1072 3847 πολλὴν
1101 3755 1274 3825 δυσκολίαν

154 3902 184 3942 κ.
207 3900 236 3942 τ.
261 3877 289 3941 λ.
741 3870 855 3956 ἔχοντα
878 3901 906 3941 κ.
932 3899 959 3940 τ.
984 3876 1012 3940 λ.

201 4022 539 4105 Prooern.l.1419,3:
557 4021 687 4106 apciton
787 4018 874 4084 Orat.
905 4017 1033 4103 Olynth.
1061 4020 1100 4085 11.
1125 4021 1182 4102 24,
1213 4020 1274 4083 27:

153 4136 213 4222 μὲν
244 4124 300 4202 οὖν
334 4127 416 4218 ὑμᾶς
453 4136 555 4202 ἐκεῖνο
590 4135 687 4221 ἔγνω·
713 4144 715 4169 ⁴
741 4120 929 4200 τούναντίον
962 4129 1021 4221 γὰρ
1050 4125 1089 4200 ἂν
1116 4118 1156 4221 ἦν
1189 4138 1274 4198 θοιν-

154 4251 244 4320 κὲναι
269 4255 330 4332 dei,
355 4243 397 4330 ὡς
418 4240 509 4318 odota
532 4239 576 4316 ὧν
595 4252 687 4317 ἕντοι-
713 4182 715 4309 ί
741 4245 880 4334 μαστὸν,
912 4248 939 4316 εί
974 4249 1073 4338 μηδὲν
1104 4249 1274 4327 ποιοῦντες

154 4377 219 4438 εἶτε
247 4368 304 4436 ἐπὶ
331 4371 387 4434 τοῦ
418 4369 571 4451 πολεμεῖν
599 4359 687 4446 ὄντες
713 4380 715 4456 ζ
741 4358 833 4456 ἡμεῖς
844 4354 887 4432 ὧν
901 4371 968 4445 τοῖς
980 4367 1158 4450 πολεμοῦσι
1172 4386 1274 4451 προο-
