3102 4912
752 550 770 612 7

681 641 839 649 ——-—--

289 761 338 826 Ex
360 761 476 846 verbis,
501 780 584 844 quae
608 760 695 846 apud
718 761 995 830 Plutauehum
1020 763 1109 828 Dem.
1136 767 1173 827 11
1199 761 1321 847 scripta

200 877 351 962 legimus:
375 871 530 942 Αἰσίωνα
549 874 585 942 δέ
606 898 705 965 φησιν
722 869 911 966 ’Ἕρμιππος
927 874 1134 965 ἐρωτηθέντα
1158 877 1233 965 περὶ
1256 881 1321 943 τῶν

200 985 304 1059 νιόιλαι
332 983 474 1080 ῥητόρων
502 990 557 1056 καὶ
587 994 651 1057 τῶν
682 979 758 1058 καθ’
792 983 889 1058 αὑτὸν
919 990 1024 1058 εἰπεῖν
1047 984 1090 1071 ὡς
1113 980 1240 1060 ἇκοόων
1256 992 1321 1077 Ιμέν

199 1099 238 1174 όν
263 1131 314 1186 τις
340 1099 525 1191 ἐθαύμασεν
552 1103 691 1186 ἐκείνους
717 1095 881 1192 εὐκόσμως
907 1107 962 1174 καὶ
988 1109 1247 1196 μεγαλοπρεπῶς
1273 1111 1320 1196 τῷ

199 1216 291 1311 δήμῳ
321 1222 580 1309 διαλεγομένους,
616 1210 926 1311 ἀναγιγνωσκόμενοι
956 1211 985 1289 d'
1023 1220 1054 1290 οἱ
1086 1222 1320 1311 Λημοσθένους

198 1331 289 1426 λόγοι
322 1334 407 1407 πολὺ
438 1341 479 1427 τῇ
509 1339 691 1427 καεασκεοῖ
723 1333 777 1405 καὶ
812 1329 942 1423 ὁονόμει
978 1337 1188 1430 διαφέρουσιν
1217 1342 1321 1407 elucet

199 1463 323 1541 partem
348 1455 526 1522 orationum
550 1477 571 1522 a
595 1455 811 1522 Demosthene
837 1456 917 1541 ipso,
943 1477 1013 1522 eum
1037 1451 1209 1542 hesion,
1234 1454 1320 1541 quod

199 1571 286 1657 apud
311 1571 479 1638 Suidam
509 1572 611 1659 (Δημ.
637 1573 668 1657 1)
699 1571 852 1657 scriptum
885 1580 935 1638 est
962 1580 994 1638 et
1018 1565 1059 1636 ab
1082 1571 1320 1639 Aristotele

199 1686 272 1770 (Rh.
288 1688 345 1773 111,
368 1686 424 1773 10)
449 1688 662 1772 oonfirmatur,
686 1688 830 1771 aequalis
855 1687 923 1754 eius
948 1687 1070 1774 fuisset,
1096 1709 1166 1755 esse
1190 1687 1319 1754 editam.

289 1838 383 1918 Quod
401 1839 567 1906 verissime
584 1848 802 1922 cognoverunt
826 1848 857 1905 et
880 1839 936 1905 alii
961 1839 1104 1906 homines
1127 1838 1214 1907 dooti
1232 1840 1320 1907 velut

199 1955 406 2041 Rankius,
438 1955 493 2039 qui
525 1955 557 2038 ll.
590 1955 610 2020 l.
642 1976 672 2040 p.
705 1955 762 2042 88)
794 1955 1019 2023 Demosthenis
1051 1955 1213 2022 orationes
1244 1976 1317 2040 pu·

200 2070 340 2137 blioas
375 2078 408 2138 et
442 2070 678 2155 populares
713 2070 821 2136 statim
858 2070 986 2138 habitas
1021 2071 1129 2138 multis
1164 2072 1319 2156 exemplis

199 2186 383 2272 divulgatos
422 2206 493 2253 esse
533 2185 696 2252 contendit
734 2194 832 2270 atque
870 2188 909 2252 K.
948 2189 985 2253 F.
1025 2188 1319 2273 Hermannus,

200 2303 252 2370 oui
276 2310 341 2370 tres
365 2301 527 2370 orationes
549 2301 761 2386 Olynthiaeae
785 2302 836 2384 (Α.
854 2302 998 2387 Soh'aler,
1022 2305 1111 2369 Dem.
1137 2324 1165 2369 u.
1190 2324 1213 2369 s.
1239 2302 1319 2388 Zeit,

198 2417 591 2504 111.B.Beil.p.322),
624 2426 658 2484 ut
689 2418 774 2485 illius
798 2418 905 2485 verbis
939 2426 1024 2504 utar,
1057 2419 1109 2484 ein
1132 2417 1319 2504 politisohes

200 2534 370 2620 Pamphlet
393 2554 464 2601 esse
488 2531 694 2620 videntur1),
725 2540 757 2600 et
784 2535 813 2599 A
850 2534 1125 2618 Sohaet'erus,
1156 2555 1227 2600 oum
1258 2536 1277 2601 l.
1299 2536 1318 2601 l.

199 2651 245 2718 ita
275 2651 378 2717 dieat:
415 2649 494 2736 „Bei
530 2650 632 2716 einem
668 2671 802 2734 gnossen
833 2649 924 2717 Teile
953 2651 1010 2717 der
1042 2649 1319 2717 dt't'entliohen

199 2766 312 2834 Reden
337 2765 424 2832 kann
448 2786 483 2832 es
507 2765 635 2832 keinem
659 2765 792 2832 Zweit'el
819 2765 1027 2851 unterliegen,
1053 2766 1129 2833 dass
1153 2788 1197 2852 er,
1221 2767 1318 2834 naoh—

199 2883 272 2950 dem
295 2883 342 2950 sie
368 2881 519 2967 gehalten
543 2902 667 2965 waren,
700 2881 753 2947 die
776 2883 872 2948 letute
896 2882 991 2948 Hand
1015 2882 1116 2948 daran
1140 2884 1226 2967 legte
1255 2882 1320 2948 und

199 3000 246 3068 sie
270 2999 301 3064 in
327 2999 459 3066 Umlaut'
480 3005 595 3082 setute,
629 2997 701 3064 toils
725 3018 763 3063 nn
787 2998 919 3082 eigener
942 2998 1208 3082 Rechtl'ertigung
1225 3048 1232 3063 .
1252 3047 1259 3063 .
1277 3051 1283 3064 .
1301 3046 1318 3084 .,-

199 3115 273 3183 tells
308 3135 359 3181 um
393 3114 509 3181 seine
545 3113 796 3197 Ratsohlitge
834 3115 874 3178 in
914 3114 1109 3181 welteren
1143 3114 1319 3181 Kreisen

199 3231 277 3298 und
312 3229 644 3298 naohhaltender
681 3229 834 3296 winken
870 3250 916 3296 zu
952 3231 1112 3315 lassen,
1147 3231 1209 3297 als
1243 3231 1318 3297 das

197 3346 484 3433 gesproehene
509 3347 621 3413 Wort
645 3366 685 3412 es
710 3367 753 3412 zu
776 3345 876 3412 thun
900 3346 1166 3414 vermoohte“.

288 3500 330 3566 At
360 3519 440 3582 quas
470 3498 631 3564 orationes
665 3520 686 3564 a
717 3498 935 3564 Demosthene
970 3497 1076 3582 potius
1111 3496 1216 3564 editas
1247 3518 1318 3565 esse

198 3637 311 3684 censes
342 3635 438 3699 quam
470 3615 667 3700 populares?
714 3613 821 3698 Quae,
853 3633 924 3682 oum
953 3614 996 3679 ad
1029 3615 1198 3681 utilitatem
1222 3622 1318 3698 atque

198 3733 333 3800 salutem
365 3731 494 3798 habitae
526 3739 634 3798 essent
666 3751 728 3797 non
761 3731 854 3798 unius
886 3729 1052 3798 cuiusdam
1077 3729 1228 3816 hominis,
1260 3729 1318 3797 sed

198 3848 295 3915 totius
318 3848 444 3934 populi,
477 3846 535 3914 sed
566 3847 704 3915 omnium
730 3848 940 3933 Graecorum,
973 3855 1007 3914 ut
1035 3845 1069 3914 in
1093 3847 1208 3930 vulgus
1232 3868 1317 3913 ema·

199 3972 321 4049 natent,
345 3964 434 4030 illum
459 3963 596 4030 maxime
620 3984 749 4048 operam
774 3963 903 4030 dedisse
928 3963 1020 4030 nobis
1044 3971 1094 4029 est
1116 3962 1302 4047 putandum.

198 4092 411 4100 ---—-—-

290 4178 314 4246 1)
333 4177 372 4232 Cf.
383 4178 480 4233 etiam:
498 4176 550 4230 Die
562 4176 791 4246 Attikusausgabe
805 4176 850 4230 des
868 4176 944 4230 Dem.
958 4193 982 4229 v.
996 4176 1037 4230 W.
1054 4164 1168 4230 Christ
1181 4176 1318 4244 (Abba-nd·

198 4278 298 4345 lungen
312 4278 360 4330 der
372 4275 577 4346 philos-philol.
587 4275 681 4330 Klasso
695 4275 743 4329 der
756 4275 789 4330 K.
801 4275 866 4344 Bay.
877 4273 1022 4328 Akademie
1036 4272 1083 4327 der
1092 4273 1318 4328 Wissensehalten

199 4380 241 4431 16.
254 4376 284 4431 Β.
307 4377 383 4442 1882,
403 4393 429 4446 p.
443 4373 514 4444 818).
