3102 4912
794 551 813 610 6

335 760 634 846 Kicsslingins
655 762 783 847 quidem
801 765 820 828 l.
838 765 856 828 l.
875 764 907 829 in
924 764 973 830 his
990 765 1160 848 prooemiis
1178 787 1240 831 non
1258 785 1362 849 pauca

246 876 492 944 exorationibus
505 879 687 964 Lycurgi,
705 864 890 964 Pytheae,
909 882 1128 966 Moeroclis,
1144 883 1360 967 Polyeucti,

246 994 490 1080 Hypercidis
514 996 710 1079 aliorumque
727 996 807 1078 (scit.
826 1016 959 1078 quorum
976 997 1136 1064 orationes
1158 1008 1232 1065 sunt
1248 998 1365 1084 deper-¹

246 1111 348 1196 ditae)
365 1133 436 1178 esse
453 1111 633 1178 arbitratur.
674 1112 740 1177 Sed
755 1113 823 1177 {ieri
845 1134 906 1178 nou
925 1120 1092 1197 potest,'ut
1108 1095 1194 1196 eum,¹
1212 1115 1266 1198 qui
1283 1115 1361 1181 haec

246 1227 410 1311 prooemia
434 1204 571 1312 collegit,
596 1229 757 1294 orationes
783 1229 913 1295 istorum
931 1230 1127 1295 orationihus
1152 1232 1306 1314 Lysiae
1330 1239 1362 1298 et
1427 1295 1430 1298 .

246 1343 352 1409 lsaci
369 1352 401 1409 ct
420 1343 607 1411 isocratis
625 1351 656 1410 ct
673 1345 949 1412 Demosthenis
963 1328 1188 1430 praeposuisse
1205 1356 1359 1431 putemus.

335 1458 407 1537 Qua
433 1458 474 1525 de
498 1481 531 1524 re
559 1460 870 1544 Kiesslingium
895 1483 957 1528 non
981 1469 1067 1527 recte
1092 1463 1240 1547 sensisse,
1266 1463 1362 1529 etiarn

245 1575 423 1642 Rankius
447 1575 614 1660 intellexit,
639 1577 693 1660 qui
717 1578 750 1662 (l.
769 1579 785 1643 t.
802 1598 833 1661 p.
853 1581 924 1660 118,
941 1577 1106 1660 Anmerk.)
1126 1579 1248 1645 notavit
1263 1579 1360 1663 illum,

247 1713 316 1757 cum
341 1692 497 1757 neminem
522 1693 616 1757 alium
642 1702 801 1759 oratorum
825 1693 1021 1760 nominasset
1045 1694 1106 1760 nisi
1132 1715 1204 1779 eos,
1229 1716 1362 1778 quorum

246 1809 408 1874 orationes
431 1809 482 1874 vel
507 1829 636 1892 prorsus
659 1811 709 1874 vel
727 1810 903 1874 'maximam
927 1819 1051 1894 partem
1074 1809 1220 1895 perditae
1244 1820 1361 1896 essent,

245 1924 349 2008 ipsum
375 1925 573 2008 cognovisse,
598 1945 692 2008 quam
717 1927 875 1991 sententia
899 1946 958 1991 sua
981 1935 1067 1992 esset
1089 1947 1181 1992 vana.

337 2040 402 2106 Sed
435 2040 512 2124 quid
546 2061 585 2106 cx
617 2041 813 2107 orationihus
846 2042 996 2126 colligere
1027 2044 1216 2127 prooemia?
1269 2043 1362 2123 Quod

246 2159 353 2222 iacere
377 2165 426 2223 est
450 2157 639 2242 insipientis,
665 2158 725 2223 nisi
749 2179 769 2222 a
792 2157 946 2241 magistro
971 2158 1107 2242 quoda-m
1126 2161 1204 2226 artis
1228 2160 1361 2226 rhetori·

247 2291 318 2356 cae,
350 2281 385 2339 ut
416 2273 686 2356 Kiessiiugio
715 2274 734 2338 l.
759 2274 777 2338 i.
802 2273 943 2359 videtur,
975 2295 1014 2340 ea
1042 2275 1085 2340 ad
1118 2277 1362 2344 exercitationes

246 2389 403 2455 oratorias
428 2390 561 2454 collecta
585 2410 656 2455 esse
681 2410 855 2456 censemus.

337 2509 484 2571 Attamen
501 2505 612 2571 dubito
629 2527 669 2570 an
686 2527 705 2570 a
722 2507 904 2590 nullohaec
928 2507 1092 2591 prooemia
1115 2508 1179 2573 sint
1203 2509 1363 2592 exquisita

247 2622 381 2688 rhetore.
429 2622 511 2686 Nam
543 2621 696 2705 optimum
728 2623 867 2705 quidque
898 2623 1084 2707 magistrum
1109 2623 1275 2709 discipulis
1300 2636 1361 2692 tra·

247 2737 323 2804 dere
347 2736 547 2822 imitandum,
573 2738 643 2820 quis
668 2726 726 2822 est,
752 2739 807 2822 qui
830 2739 978 2805 nesciat?

336 2855 455 2919 Horum
479 2861 585 2920 autem
611 2855 858 2939 prooemiorum,
891 2863 925 2921 ut
948 2855 1032 2921 infra
1056 2878 1266 2942 exponemus,
1291 2878 1361 2942 per·

247 2971 347 3036 multu
379 2979 452 3035 sunt
483 2991 546 3036 non
577 2971 624 3036 ita
655 2970 769 3054 digua,
802 2991 885 3054 quae
914 2971 1081 3038 imitemur.
1128 2975 1240 3056 ltaque
1263 2974 1363 3038 multo

246 3087 420 3153 illustriora
443 3094 475 3152 et
498 3086 719 3170 splendidiora
743 3096 775 3152 et
798 3088 1006 3172 elegantiora,
1030 3109 1114 3172 quae
1138 3097 1203 3155 tum
1227 3089 1364 3174 piurima

247 3204 384 3286 t'uerunt,
409 3203 604 3286 exemplaria
629 3203 717 3268 ilium
740 3203 926 3287 magistrum
944 3203 1110 3289 discipulis
1127 3207 1363 3289 propositurum

246 3319 346 3386 fuisse
371 3319 463 3385 nobis
488 3326 536 3384 est
559 3319 743 3403 putandum.
933 3301 938 3305 ’

336 3435 386 3499 An
403 3435 484 3500 hacc
500 3435 664 3519 prooemia
681 3435 848 3519 quisquam
870 3456 910 3500 ex
934 3437 1131 3502 orationibus
1156 3437 1363 3521 complurium

247 3559 408 3617 oratorum
440 3551 624 3636 exscripsit,
656 3559 690 3618 ut
721 3573 759 3616 ea
782 3552 1009 3619 Demosthenis
1040 3553 1166 3618 nomine
1201 3528 1365 3637 adscripta

248 3667 509 3734 Callimacho
534 3667 652 3752 optime
675 3668 854 3734 venderet?

337 3783 467 3848 Minime
483 3803 568 3850 vero.
611 3783 701 3862 Quae
718 3784 846 3868 quidem
870 3785 958 3849 ilium
974 3786 1086 3850 tallere
1104 3807 1166 3851 nou
1182 3793 1362 3870 potueruut.

246 3900 330 3965 Nam
354 3920 424 3965 cum
448 3899 528 3965 haee
550 3900 728 3985 prooemia,
763 3907 795 3966 ut
818 3922 915 3985 supra
938 3901 1148 3986 ostendimus,
1177 3902 1240 3967 sint
1263 3901 1364 3988 δημη-

247 4009 373 4102 γορικὰ,
406 4016 564 4101 sequitur,
598 4025 631 4083 ut
656 4038 695 4082 ea
719 4038 759 4082 ex
790 4017 987 4084 orationihus
1011 4018 1223 4084 exscribenda
1246 4017 1364 4083 t'ueriut

246 4131 463 4215 popularibus.
511 4132 576 4198 Sed
592 4133 662 4198 fieri
678 4155 741 4198 nou
758 4133 870 4218 potuit,
897 4141 930 4199 ut
953 4133 1223 4200 Callimachus
1247 4135 1363 4199 Demo-

247 4246 392 4314 sthenem
416 4256 462 4314 tot
487 4250 647 4315 orationes
671 4251 858 4334 populares,
890 4270 969 4334 quas
993 4251 1171 4336 ignoraret,
1196 4249 1364 4335 scripsisse

247 4371 383 4449 putaret.
