3102 4912
693 569 735 630 27

636 659 795 668 ——--..

154 773 292 866 εἰπόντι,
317 769 355 867 ἣν
377 785 447 859 τοῖς
470 772 688 868 ε’ξηπατηκὸσι
715 781 717 862 I
741 773 842 868 χάριν,
865 769 886 869 ἢ
911 785 1019 846 πᾶσαν
1051 777 1195 864 ἔβλαπτε
1217 778 1276 868 την
1338 797 1341 800 ’

157 901 318 985 προσῆκεν
341 885 521 979 άπέχθειαν
536 889 688 984 ὑπάρχειν
744 890 851 978 πάλιν,
870 902 940 975 τοῖς
955 889 1030 964 τότε
1045 901 1153 963 θεῖσιν
1173 889 1277 983 διιάρ-

157 1013 234 1100 παρ’
251 1005 347 1096 ὑμῶν,
370 1005 491 1101 ταίτην
512 1001 689 1100 άπενέγκα-
715 1013 716 1020 '

155 1135 240 1195 σθαι
263 1131 378 1218 συμβῇ.

203 1481 345 1544 Ριοοειιι.
382 1478 450 1542 XV.
489 1480 589 1562 1428,
630 1456 713 1545 20:'

156 1586 221 1680 δρῶ
253 1589 312 1680 γάρ
349 1585 428 1677 άμιῖς
459 1585 619 1672 πολλάκις
653 1583 689 1660 οἰ

157 1704 232 1788 τοὺς
255 1707 380 1788 αἰτίοις
402 1713 467 1775 τῶν
491 1701 690 1796 πραγμάτιον

156 1829 340 1909 μισοῦντας,
353 1815 437 1891 άλλὰ
449 1821 524 1904 τοδς
532 1817 690 1904 ἰστάτους

158 1939 233 2026 περί
258 1929 362 2006 αἰτῶν
378 1935 531 2020 εἰπόντας
554 1966 587 2007 τι
608 1938 690 2028 πρὸς

156 2049 249 2141 ἰμᾶς.
270 2045 311 2122 οὗ
327 2052 392 2146 μην
408 2044 491 2124 άλλά
514 2083 542 2122 κ.
559 2082 587 2122 τ.
605 2059 633 2123 λ.
658 2067 689 2124 et

159 2195 297 2258 prooem.
321 2175 502 2240 XXXVIII.
528 2177 626 2259 1447,
652 2177 689 2240 4:

159 2284 197 2356 τὸ
220 2288 257 2356 δὲ
278 2284 320 2377 μὴ
346 2294 416 2368 τοῖς
445 2287 577 2370 αἰτίοις,
607 2277 691 2356 άλλὰ

160 2405 381 2494 πάσινέφεξῆς
390 2393 577 2493 ὀργίζεσθαι
589 2430 651 2471 κτ.
661 2406 689 2472 λ.

160 2529 192 2587 et
216 2521 334 2587 ibidem
368 2525 471 2607 1447,
503 2526 562 2590 10:
594 2517 691 2608 έγιογε

160 2625 219 2702 οἰκ
251 2625 354 2724 άγνοῶ
385 2631 437 2704 δτι
466 2631 627 2716 πολλάκις
654 2627 690 2705 οὗ

160 2757 230 2830 τοῖς
253 2750 381 2834 αἰτίοις,
405 2741 488 2818 άλλά
502 2759 572 2833 τοῖς
588 2755 691 2837 ἐμπο-

160 2863 225 2934 δὼν
260 2856 330 2935 οὖσι
368 2874 438 2947 τοῖς
476 2857 691 2958 ὀργιζομένοις

159 2973 254 3072 άηδές
269 3009 302 3050 τι
319 2990 442 3051 ιιαθεῖν
458 2984 583 3074 συνέβη·
605 2980 691 3070 δμιυς

160 3087 350 3166 δκτλ

204 3219 347 3283 Ριοοειυ.
377 3218 463 3282 XIX.
498 3221 597 3302 1430,
631 3220 691 3284 24:

159 3330 350 3420 μηδετέροις
395 3321 560 3398 άδικοῖντι
610 3328 692 3419 πρὸς

161 3436 362 3536 ἀμφοτέρους
385 3450 633 3536 διαβεβλῆσθαι.

204 3684 347 3748 Prooem.
370 3684 474 3748 XXII.
501 3687 601 3768 1433,
636 3687 692 3751 16:

158 3793 214 3886 χρὴ
240 3797 298 3882 μέν
328 3785 382 3864 οὖν
411 3793 513 3878 οὕτως
543 3794 692 3878 ἅπαντας

161 3909 322 4003 ἔχειντὴν
349 3908 495 3982 διάνοιαν
526 3915 601 4003 περὶ
628 3920 693 3983 τῶν

161 4019 387 4114 ἀδικουμένων,
412 4027 521 4120 ὥσπερ
544 4025 592 4120 ἰίν,
617 4027 648 4098 εί
660 4058 693 4098 τι

161 4145 296 4234 γένοιτο,
319 4136 337 4214 δ
359 4144 402 4236 μὴ
428 4147 586 4237 συμβαίη,
618 4145 693 4228 τοὺς

161 4255 279 4341 άλλους
309 4252 455 4350 άξιιάσειε
485 4261 567 4351 πρὸς
596 4257 694 4332 αάτόν

161 4377 297 4457 ἕκαστος
320 4377 408 4464 ἔχειν.

883 1009 890 1029 ν
964 1001 972 1026 )
1016 1002 1024 1026 )
1066 1012 1073 1035 ι

742 1039 824 1097 χειν,
854 1039 914 1101 την
943 1014 961 1079 δ
1007 1019 1204 1096 απεχθειαν,
1235 1013 1276 1080 δι’

743 1119 781 1218 ἧς
804 1121 843 1196 άν
867 1123 1010 1208 ἅπαντες
1034 1121 1164 1213 άμεινον
1194 1122 1278 1215 πρά-

743 1245 867 1330 ξαιμεν,
897 1249 944 1333 τηῖ
971 1247 1026 1310 νῖν
1054 1240 1095 1311 τά
1123 1243 1277 1332 βέλτιστα

744 1354 871 1429 εἰπόντι
895 1359 1010 1450 ζημίαν
1033 1359 1194 1448 γενέσθαι.

789 1479 876 1546 Orat.
912 1478 1042 1563 Olynth.
1075 1480 1096 1544 I.
1131 1482 1187 1562 13,
1218 1483 1277 1544 29:

744 1589 806 1682 ε’γιδ
830 1581 859 1660 δ’
882 1581 938 1659 οδκ
958 1581 1063 1680 άγνοῶ
1082 1593 1149 1677 μέν,
1174 1581 1199 1658 ιδ
1223 1585 1278 1660 άν-

745 1712 814 1797 δρες
822 1699 1007 1798 Ἀθηναῖοι,
1016 1697 1122 1790 τοῦθ’,
1131 1703 1180 1776 ὅτι
1194 1711 1277 1777 πολ-

745 1819 837 1904 λάκις
857 1817 947 1909 ὑμεῖς
973 1813 1008 1890 σά
1039 1820 1115 1903 τοὺς
1142 1823 1276 1910 αἰτίους,

745 1931 828 2008 άλλά
851 1937 927 2020 τοίς
950 1933 1108 2020 ὑστάτους
1125 1940 1197 2028 περὶ
1214 1945 1278 2007 τῶν

745 2051 945 2144 πραγμάτων
969 2050 1121 2136 εἰπόντας
1145 2058 1177 2124 έν
1202 2046 1278 2146 δργῗ

745 2178 908 2255 ποιεῖσθε,
932 2165 970 2239 άν
987 2197 1018 2238 τι
1033 2168 1076 2259 μη
1095 2168 1179 2238 κατὰ
1198 2165 1278 2260 γνώ-

744 2315 806 2378 μην
829 2289 917 2378 ἐκβῇ·
942 2277 978 2356 οὗ
1001 2284 1064 2377 μὴν
1088 2314 1116 2354 κ.
1138 2313 1168 2354 τ.
1189 2290 1216 2355 λ.
1246 2297 1278 2356 et

745 2416 822 2472 orat.
847 2406 985 2490 Philipp.
1006 2407 1046 2472 II.
1072 2409 1123 2486 74,
1146 2409 1181 2470 4:
1215 2395 1278 2489 δριῖ

744 2516 805 2608 γάρ
829 2511 871 2598 ιδς
894 2516 936 2586 τά
960 2515 1069 2586 πολλὰ
1095 2518 1197 2598 ένίους
1221 2508 1279 2586 οἰκ

746 2635 790 2716 εἰς
805 2632 881 2716 τοίς
898 2635 1032 2717 αἰτίους,
1054 2625 1123 2701 ἀλλ’
1142 2635 1187 2714 εἰς
1203 2631 1278 2713 τοὺς

745 2745 811 2820 άπὸ
826 2758 915 2840 χεῖρα
937 2745 1081 2837 μάλιστα
1100 2748 1159 2841 τὴν
1182 2741 1278 2839 ὀργῆν

746 2859 909 2958 ἀφιέντας.

792 3219 878 3284 Orat.
896 3217 936 3283 de
953 3217 1112 3300 Megalop.
1128 3217 1205 3298 202,
1220 3218 1278 3279 15:

745 3338 902 3420 χαριεῖται
918 3331 976 3416 μέν
998 3319 1184 3417 οὐδετέροις,
1209 3330 1277 3394 δια-

746 3440 937 3536 βεβλήσεται
978 3447 1013 3514 δὲ
1051 3441 1133 3534 πρὸς
1172 3435 1280 3533 άμφσ-
1341 3451 1343 3460 ’

745 3563 865 3652 τέρσυς.

792 3686 879 3753 Orat.
906 3683 946 3749 de
962 3683 1065 3748 libert.
1085 3681 1186 3746 Rhod.
1207 3683 1279 3762 196,

749 3805 803 3870 15:
838 3797 953 3866 ἔπειτα
987 3797 1042 3864 καί
1078 3795 1222 3881 δίκαιον,
1255 3783 1280 3860 ιδ

747 3905 1280 4005 άνδρεςἈθηναῖοι,δημοκρατου-

747 4031 859 4117 μένους
891 4020 1006 4109 αδτσίς
1033 4032 1169 4096 τοιαῦτα
1200 4052 1281 4115 φρο-

748 4152 880 4228 νοῦντας
909 4146 1087 4238 φαίνεσθαι
1112 4143 1186 4231 περὶ
1216 4145 1281 4208 τῶν

748 4254 948 4346 άτυχσάντιον
964 4257 1083 4352 δήμιον,
1108 4258 1224 4350 οἷσπερ
1241 4254 1281 4328 άν

749 4375 823 4463 τοὺς
836 4373 953 4462 άλλους
963 4370 1135 4464 ἀξιώσαιτε
1151 4385 1281 4472 φρονεῖν
