<?xml version="1.0" encoding="UTF-8"?>
<!DOCTYPE html PUBLIC "-//W3C//DTD XHTML 1.0 Transitional//EN"
    "http://www.w3.org/TR/xhtml1/DTD/xhtml1-transitional.dtd">
<html xmlns="http://www.w3.org/1999/xhtml" xml:lang="en" lang="en">
 <head>
  <title>
</title>
<meta http-equiv="Content-Type" content="text/html;charset=utf-8" />
  <meta name='ocr-system' content='tesseract 3.04.00' />
  <meta name='ocr-capabilities' content='ocr_page ocr_carea ocr_par ocr_line ocrx_word'/>
</head>
<body>
  <div class='ocr_page' id='page_1' title='image "./demosthenisdeco00reicgoog_0016.png"; bbox 0 0 3102 4912; ppageno 0'>
   <div class='ocr_carea' id='block_1_1' title="bbox 751 571 790 634">
    <p class='ocr_par' dir='ltr' id='par_1_1' title="bbox 751 571 790 634">
     <span class='ocr_line' id='line_1_1' title="bbox 751 571 790 634; baseline -0.051 0"><span class='ocrx_word' id='word_1_1' title='bbox 751 571 790 634; x_wconf 91' lang='lat'>11</span> 
     </span>
    </p>
   </div>
   <div class='ocr_carea' id='block_1_2' title="bbox 690 661 848 669">
    <p class='ocr_par' dir='ltr' id='par_1_2' title="bbox 690 661 848 669">
     <span class='ocr_line' id='line_1_2' title="bbox 690 661 848 669; baseline 0 -1"><span class='ocrx_word' id='word_1_2' title='bbox 690 661 848 669; x_wconf 58' lang='lat'><em>—-·---.-</em></span> 
     </span>
    </p>
   </div>
   <div class='ocr_carea' id='block_1_3' title="bbox 212 783 1368 3892">
    <p class='ocr_par' dir='ltr' id='par_1_3' title="bbox 212 783 1368 3194">
     <span class='ocr_line' id='line_1_3' title="bbox 214 783 1329 868; baseline 0.003 -20"><span class='ocrx_word' id='word_1_3' title='bbox 214 785 309 867; x_wconf 84' lang='grc'><strong>1450,</strong></span> <span class='ocrx_word' id='word_1_4' title='bbox 330 785 366 866; x_wconf 84' lang='grc'>4;</span> <span class='ocrx_word' id='word_1_5' title='bbox 392 783 424 848; x_wconf 93' lang='lat' dir='ltr'>in</span> <span class='ocrx_word' id='word_1_6' title='bbox 448 804 490 849; x_wconf 93' lang='lat' dir='ltr'>or.</span> <span class='ocrx_word' id='word_1_7' title='bbox 508 783 588 849; x_wconf 87' lang='lat' dir='ltr'>Phil.</span> <span class='ocrx_word' id='word_1_8' title='bbox 611 784 667 850; x_wconf 91' lang='lat' dir='ltr'><strong>III.</strong></span> <span class='ocrx_word' id='word_1_9' title='bbox 695 785 767 868; x_wconf 83' lang='lat'>125,</span> <span class='ocrx_word' id='word_1_10' title='bbox 791 787 811 848; x_wconf 82' lang='lat'><strong>2</strong></span> <span class='ocrx_word' id='word_1_11' title='bbox 835 791 868 850; x_wconf 89' lang='lat' dir='ltr'>et</span> <span class='ocrx_word' id='word_1_12' title='bbox 890 784 923 848; x_wconf 93' lang='lat' dir='ltr'>in</span> <span class='ocrx_word' id='word_1_13' title='bbox 947 804 1087 867; x_wconf 90' lang='lat' dir='ltr'>prooem.</span> <span class='ocrx_word' id='word_1_14' title='bbox 1113 784 1214 848; x_wconf 83' lang='lat' dir='ltr'>XLII.</span> <span class='ocrx_word' id='word_1_15' title='bbox 1235 787 1329 868; x_wconf 73' lang='lat'>1450,</span> 
     </span>
     <span class='ocr_line' id='line_1_4' title="bbox 212 883 1329 992; baseline -0.002 -27"><span class='ocrx_word' id='word_1_16' title='bbox 212 905 250 981; x_wconf 79' lang='lat'>93</span> <span class='ocrx_word' id='word_1_17' title='bbox 275 899 307 965; x_wconf 93' lang='lat' dir='ltr'>in</span> <span class='ocrx_word' id='word_1_18' title='bbox 330 921 375 965; x_wconf 91' lang='lat' dir='ltr'>or.</span> <span class='ocrx_word' id='word_1_19' title='bbox 394 900 433 965; x_wconf 92' lang='lat' dir='ltr'>de</span> <span class='ocrx_word' id='word_1_20' title='bbox 456 921 518 965; x_wconf 89' lang='lat' dir='ltr'>cor.</span> <span class='ocrx_word' id='word_1_21' title='bbox 536 903 610 984; x_wconf 91' lang='grc'><strong>227,</strong></span> <span class='ocrx_word' id='word_1_22' title='bbox 636 903 677 966; x_wconf 89' lang='grc'>23</span> <span class='ocrx_word' id='word_1_23' title='bbox 703 907 734 968; x_wconf 88' lang='lat' dir='ltr'>et</span> <span class='ocrx_word' id='word_1_24' title='bbox 758 901 791 964; x_wconf 93' lang='lat' dir='ltr'>in</span> <span class='ocrx_word' id='word_1_25' title='bbox 814 921 954 985; x_wconf 89' lang='lat' dir='ltr'>prooem.</span> <span class='ocrx_word' id='word_1_26' title='bbox 979 883 1097 992; x_wconf 63' lang='lat' dir='ltr'><strong>XLVII</strong></span> <span class='ocrx_word' id='word_1_27' title='bbox 1118 901 1213 984; x_wconf 88' lang='grc'><strong>1454,</strong></span> <span class='ocrx_word' id='word_1_28' title='bbox 1239 903 1274 982; x_wconf 75' lang='lat'>6,</span> <span class='ocrx_word' id='word_1_29' title='bbox 1299 899 1329 964; x_wconf 91' lang='lat' dir='ltr'>in</span> 
     </span>
     <span class='ocr_line' id='line_1_5' title="bbox 213 1015 1330 1102; baseline -0.002 -20"><span class='ocrx_word' id='word_1_30' title='bbox 213 1037 256 1082; x_wconf 94' lang='lat' dir='ltr'>or.</span> <span class='ocrx_word' id='word_1_31' title='bbox 281 1015 321 1082; x_wconf 91' lang='lat' dir='ltr'>de</span> <span class='ocrx_word' id='word_1_32' title='bbox 345 1017 415 1082; x_wconf 86' lang='lat' dir='ltr'>fals.</span> <span class='ocrx_word' id='word_1_33' title='bbox 439 1017 500 1100; x_wconf 87' lang='lat' dir='ltr'>leg.</span> <span class='ocrx_word' id='word_1_34' title='bbox 526 1019 600 1102; x_wconf 88' lang='grc'><strong>341,</strong></span> <span class='ocrx_word' id='word_1_35' title='bbox 628 1019 668 1082; x_wconf 88' lang='grc'>14</span> <span class='ocrx_word' id='word_1_36' title='bbox 692 1016 778 1082; x_wconf 88' lang='lat' dir='ltr'>etin</span> <span class='ocrx_word' id='word_1_37' title='bbox 803 1038 941 1100; x_wconf 89' lang='lat' dir='ltr'>prooem.</span> <span class='ocrx_word' id='word_1_38' title='bbox 958 1017 1074 1082; x_wconf 84' lang='lat' dir='ltr'><strong>XLIX.</strong></span> <span class='ocrx_word' id='word_1_39' title='bbox 1095 1019 1190 1100; x_wconf 81' lang='grc'><strong>1456,</strong></span> <span class='ocrx_word' id='word_1_40' title='bbox 1218 1019 1274 1100; x_wconf 78' lang='lat'>163</span> <span class='ocrx_word' id='word_1_41' title='bbox 1298 1016 1330 1080; x_wconf 93' lang='lat' dir='ltr'>in</span> 
     </span>
     <span class='ocr_line' id='line_1_6' title="bbox 213 1132 1330 1217; baseline -0.003 -18"><span class='ocrx_word' id='word_1_42' title='bbox 213 1153 257 1199; x_wconf 89' lang='lat' dir='ltr'>or.</span> <span class='ocrx_word' id='word_1_43' title='bbox 283 1132 323 1198; x_wconf 91' lang='lat' dir='ltr'>de</span> <span class='ocrx_word' id='word_1_44' title='bbox 348 1132 457 1198; x_wconf 81' lang='lat' dir='ltr'>Chers.</span> <span class='ocrx_word' id='word_1_45' title='bbox 485 1134 557 1217; x_wconf 85' lang='grc'><strong>106,</strong></span> <span class='ocrx_word' id='word_1_46' title='bbox 583 1135 602 1197; x_wconf 89' lang='grc'><strong>6</strong></span> <span class='ocrx_word' id='word_1_47' title='bbox 633 1139 665 1198; x_wconf 89' lang='lat' dir='ltr'>et</span> <span class='ocrx_word' id='word_1_48' title='bbox 688 1134 721 1197; x_wconf 88' lang='lat' dir='ltr'>in</span> <span class='ocrx_word' id='word_1_49' title='bbox 744 1154 788 1198; x_wconf 91' lang='lat' dir='ltr'>or.</span> <span class='ocrx_word' id='word_1_50' title='bbox 813 1133 894 1198; x_wconf 87' lang='lat' dir='ltr'><strong>Phil.</strong></span> <span class='ocrx_word' id='word_1_51' title='bbox 918 1133 971 1198; x_wconf 89' lang='lat' dir='ltr'>IV.</span> <span class='ocrx_word' id='word_1_52' title='bbox 999 1136 1076 1217; x_wconf 86' lang='grc'><strong>140,</strong></span> <span class='ocrx_word' id='word_1_53' title='bbox 1104 1135 1143 1198; x_wconf 96' lang='grc'>17</span> <span class='ocrx_word' id='word_1_54' title='bbox 1174 1141 1206 1199; x_wconf 86' lang='lat' dir='ltr'>et</span> <span class='ocrx_word' id='word_1_55' title='bbox 1229 1132 1262 1196; x_wconf 94' lang='lat' dir='ltr'>in</span> <span class='ocrx_word' id='word_1_56' title='bbox 1286 1153 1330 1198; x_wconf 92' lang='lat' dir='ltr'>or.</span> 
     </span>
     <span class='ocr_line' id='line_1_7' title="bbox 213 1247 1331 1334; baseline 0.002 -22"><span class='ocrx_word' id='word_1_57' title='bbox 213 1247 253 1313; x_wconf 90' lang='lat' dir='ltr'>de</span> <span class='ocrx_word' id='word_1_58' title='bbox 277 1269 338 1314; x_wconf 89' lang='lat' dir='ltr'>cor.</span> <span class='ocrx_word' id='word_1_59' title='bbox 363 1251 426 1314; x_wconf 90' lang='grc'>271</span> <span class='ocrx_word' id='word_1_60' title='bbox 453 1255 485 1316; x_wconf 87' lang='lat' dir='ltr'>et</span> <span class='ocrx_word' id='word_1_61' title='bbox 508 1249 539 1313; x_wconf 92' lang='lat' dir='ltr'>in</span> <span class='ocrx_word' id='word_1_62' title='bbox 564 1270 607 1314; x_wconf 87' lang='lat' dir='ltr'>or.</span> <span class='ocrx_word' id='word_1_63' title='bbox 632 1271 657 1314; x_wconf 91' lang='lat' dir='ltr'>c.</span> <span class='ocrx_word' id='word_1_64' title='bbox 675 1250 788 1315; x_wconf 81' lang='lat' dir='ltr'>Eubul.</span> <span class='ocrx_word' id='word_1_65' title='bbox 810 1252 903 1332; x_wconf 83' lang='grc'><strong>1313,</strong></span> <span class='ocrx_word' id='word_1_66' title='bbox 929 1253 948 1314; x_wconf 88' lang='grc'>8</span> <span class='ocrx_word' id='word_1_67' title='bbox 972 1249 1060 1315; x_wconf 94' lang='lat' dir='ltr'>etin</span> <span class='ocrx_word' id='word_1_68' title='bbox 1084 1270 1224 1334; x_wconf 92' lang='lat' dir='ltr'>prooem.</span> <span class='ocrx_word' id='word_1_69' title='bbox 1247 1249 1331 1314; x_wconf 86' lang='lat' dir='ltr'><strong>LIII.</strong></span> 
     </span>
     <span class='ocr_line' id='line_1_8' title="bbox 216 1364 1330 1457; baseline 0 -29"><span class='ocrx_word' id='word_1_70' title='bbox 216 1367 309 1449; x_wconf 78' lang='lat'>1459,</span> <span class='ocrx_word' id='word_1_71' title='bbox 335 1367 392 1448; x_wconf 75' lang='lat'>203</span> <span class='ocrx_word' id='word_1_72' title='bbox 416 1364 449 1429; x_wconf 92' lang='lat' dir='ltr'>in</span> <span class='ocrx_word' id='word_1_73' title='bbox 475 1386 518 1430; x_wconf 90' lang='lat' dir='ltr'>or.</span> <span class='ocrx_word' id='word_1_74' title='bbox 543 1365 622 1457; x_wconf 84' lang='lat' dir='ltr'>Phil.</span> <span class='ocrx_word' id='word_1_75' title='bbox 647 1366 687 1432; x_wconf 87' lang='lat' dir='ltr'>II.</span> <span class='ocrx_word' id='word_1_76' title='bbox 712 1368 763 1450; x_wconf 86' lang='grc'>73,</span> <span class='ocrx_word' id='word_1_77' title='bbox 788 1369 829 1430; x_wconf 88' lang='grc'>21</span> <span class='ocrx_word' id='word_1_78' title='bbox 855 1373 886 1432; x_wconf 88' lang='lat' dir='ltr'>ct</span> <span class='ocrx_word' id='word_1_79' title='bbox 909 1366 942 1430; x_wconf 94' lang='lat' dir='ltr'>in</span> <span class='ocrx_word' id='word_1_80' title='bbox 967 1387 1106 1450; x_wconf 89' lang='lat' dir='ltr'>prooem.</span> <span class='ocrx_word' id='word_1_81' title='bbox 1132 1367 1212 1431; x_wconf 92' lang='lat' dir='ltr'><strong>LVI.</strong></span> <span class='ocrx_word' id='word_1_82' title='bbox 1237 1367 1330 1449; x_wconf 85' lang='grc'><strong>1462,</strong></span> 
     </span>
     <span class='ocr_line' id='line_1_9' title="bbox 216 1480 1330 1566; baseline 0.003 -23"><span class='ocrx_word' id='word_1_83' title='bbox 216 1482 264 1546; x_wconf 95' lang='grc'><strong>10.</strong></span> <span class='ocrx_word' id='word_1_84' title='bbox 311 1480 436 1547; x_wconf 77' lang='lat' dir='ltr'>Deinde</span> <span class='ocrx_word' id='word_1_85' title='bbox 455 1481 685 1547; x_wconf 81' lang='lat' dir='ltr'>Demosthenes</span> <span class='ocrx_word' id='word_1_86' title='bbox 701 1481 781 1548; x_wconf 91' lang='lat' dir='ltr'>haec</span> <span class='ocrx_word' id='word_1_87' title='bbox 805 1481 968 1566; x_wconf 91' lang='lat' dir='ltr'>prooemia</span> <span class='ocrx_word' id='word_1_88' title='bbox 993 1482 1197 1566; x_wconf 85' lang='lat' dir='ltr'>conscripsit,</span> <span class='ocrx_word' id='word_1_89' title='bbox 1224 1481 1330 1565; x_wconf 88' lang='lat' dir='ltr'>utils,</span> 
     </span>
     <span class='ocr_line' id='line_1_10' title="bbox 214 1596 1332 1683; baseline 0.002 -23"><span class='ocrx_word' id='word_1_90' title='bbox 214 1596 342 1679; x_wconf 91' lang='lat' dir='ltr'>quando</span> <span class='ocrx_word' id='word_1_91' title='bbox 361 1604 392 1662; x_wconf 90' lang='lat' dir='ltr'>et</span> <span class='ocrx_word' id='word_1_92' title='bbox 409 1598 568 1680; x_wconf 89' lang='lat' dir='ltr'>quomodo</span> <span class='ocrx_word' id='word_1_93' title='bbox 586 1598 646 1664; x_wconf 91' lang='lat' dir='ltr'>sibi</span> <span class='ocrx_word' id='word_1_94' title='bbox 663 1599 788 1683; x_wconf 89' lang='lat' dir='ltr'>liberet,</span> <span class='ocrx_word' id='word_1_95' title='bbox 813 1605 960 1665; x_wconf 87' lang='lat' dir='ltr'>uteretur.</span> <span class='ocrx_word' id='word_1_96' title='bbox 993 1601 1104 1682; x_wconf 90' lang='lat' dir='ltr'>ltaque</span> <span class='ocrx_word' id='word_1_97' title='bbox 1122 1619 1162 1664; x_wconf 84' lang='lat' dir='ltr'>ex</span> <span class='ocrx_word' id='word_1_98' title='bbox 1178 1620 1226 1683; x_wconf 93' lang='lat' dir='ltr'>eo,</span> <span class='ocrx_word' id='word_1_99' title='bbox 1246 1598 1332 1681; x_wconf 90' lang='lat' dir='ltr'>quod</span> 
     </span>
     <span class='ocr_line' id='line_1_11' title="bbox 213 1713 1329 1797; baseline 0.001 -20"><span class='ocrx_word' id='word_1_100' title='bbox 213 1713 267 1778; x_wconf 91' lang='lat' dir='ltr'>ille</span> <span class='ocrx_word' id='word_1_101' title='bbox 291 1713 323 1777; x_wconf 92' lang='lat' dir='ltr'>in</span> <span class='ocrx_word' id='word_1_102' title='bbox 349 1715 546 1780; x_wconf 89' lang='lat' dir='ltr'>orationibus</span> <span class='ocrx_word' id='word_1_103' title='bbox 571 1714 729 1797; x_wconf 89' lang='lat' dir='ltr'>usquead</span> <span class='ocrx_word' id='word_1_104' title='bbox 747 1735 862 1780; x_wconf 89' lang='lat' dir='ltr'>annum</span> <span class='ocrx_word' id='word_1_105' title='bbox 880 1714 1137 1781; x_wconf 89' lang='lat' dir='ltr'>trecentesimum</span> <span class='ocrx_word' id='word_1_106' title='bbox 1154 1714 1329 1797; x_wconf 90' lang='lat' dir='ltr'>undequin-</span> 
     </span>
     <span class='ocr_line' id='line_1_12' title="bbox 214 1829 1331 1915; baseline 0 -21"><span class='ocrx_word' id='word_1_107' title='bbox 214 1831 434 1914; x_wconf 82' lang='lat' dir='ltr'>quagesImum</span> <span class='ocrx_word' id='word_1_108' title='bbox 449 1829 567 1896; x_wconf 89' lang='lat' dir='ltr'>habitis</span> <span class='ocrx_word' id='word_1_109' title='bbox 585 1852 624 1897; x_wconf 91' lang='lat' dir='ltr'>ea</span> <span class='ocrx_word' id='word_1_110' title='bbox 636 1831 739 1915; x_wconf 87' lang='lat' dir='ltr'>magis</span> <span class='ocrx_word' id='word_1_111' title='bbox 752 1831 919 1915; x_wconf 87' lang='lat' dir='ltr'>usurpavit</span> <span class='ocrx_word' id='word_1_112' title='bbox 937 1852 1030 1913; x_wconf 87' lang='lat' dir='ltr'>quarn</span> <span class='ocrx_word' id='word_1_113' title='bbox 1045 1832 1076 1896; x_wconf 92' lang='lat' dir='ltr'>in</span> <span class='ocrx_word' id='word_1_114' title='bbox 1089 1831 1331 1915; x_wconf 89' lang='lat' dir='ltr'>posterioribus,</span> 
     </span>
     <span class='ocr_line' id='line_1_13' title="bbox 215 1933 1368 2032; baseline 0 -20"><span class='ocrx_word' id='word_1_115' title='bbox 215 1953 314 2012; x_wconf 87' lang='lat' dir='ltr'>totam</span> <span class='ocrx_word' id='word_1_116' title='bbox 336 1946 556 2012; x_wconf 80' lang='lat' dir='ltr'>collectionem</span> <span class='ocrx_word' id='word_1_117' title='bbox 574 1946 700 2013; x_wconf 78' lang='lat' dir='ltr'>circiter</span> <span class='ocrx_word' id='word_1_118' title='bbox 715 1946 794 2012; x_wconf 92' lang='lat' dir='ltr'>illud</span> <span class='ocrx_word' id='word_1_119' title='bbox 815 1954 940 2032; x_wconf 88' lang='lat' dir='ltr'>tempus</span> <span class='ocrx_word' id='word_1_120' title='bbox 957 1954 1100 2012; x_wconf 82' lang='lat' dir='ltr'>exortam</span> <span class='ocrx_word' id='word_1_121' title='bbox 1117 1967 1189 2013; x_wconf 89' lang='lat' dir='ltr'>esse</span> <span class='ocrx_word' id='word_1_122' title='bbox 1200 1933 1332 2012; x_wconf 84' lang='lat' dir='ltr'>efficere</span> <span class='ocrx_word' id='word_1_123' title='bbox 1364 1991 1368 1996; x_wconf 90' lang='lat'><em>-</em></span> 
     </span>
     <span class='ocr_line' id='line_1_14' title="bbox 214 2063 1332 2148; baseline 0.001 -22"><span class='ocrx_word' id='word_1_124' title='bbox 214 2084 276 2127; x_wconf 91' lang='lat' dir='ltr'>non</span> <span class='ocrx_word' id='word_1_125' title='bbox 294 2083 472 2146; x_wconf 90' lang='lat' dir='ltr'>possumus.</span> <span class='ocrx_word' id='word_1_126' title='bbox 511 2064 594 2128; x_wconf 87' lang='lat' dir='ltr'>Nam</span> <span class='ocrx_word' id='word_1_127' title='bbox 611 2063 775 2148; x_wconf 83' lang='lat' dir='ltr'>prooemia</span> <span class='ocrx_word' id='word_1_128' title='bbox 792 2063 885 2128; x_wconf 92' lang='lat' dir='ltr'>huius</span> <span class='ocrx_word' id='word_1_129' title='bbox 903 2063 1110 2147; x_wconf 82' lang='lat' dir='ltr'>collectionis,</span> <span class='ocrx_word' id='word_1_130' title='bbox 1136 2085 1219 2146; x_wconf 89' lang='lat' dir='ltr'>quae</span> <span class='ocrx_word' id='word_1_131' title='bbox 1237 2063 1332 2129; x_wconf 91' lang='lat' dir='ltr'>hodie</span> 
     </span>
     <span class='ocr_line' id='line_1_15' title="bbox 215 2179 1332 2265; baseline 0.003 -22"><span class='ocrx_word' id='word_1_132' title='bbox 215 2188 377 2263; x_wconf 84' lang='lat' dir='ltr'>superest,</span> <span class='ocrx_word' id='word_1_133' title='bbox 411 2186 557 2245; x_wconf 84' lang='lat' dir='ltr'>constant</span> <span class='ocrx_word' id='word_1_134' title='bbox 582 2179 752 2244; x_wconf 86' lang='lat' dir='ltr'>maximam</span> <span class='ocrx_word' id='word_1_135' title='bbox 776 2189 900 2265; x_wconf 90' lang='lat' dir='ltr'>partem</span> <span class='ocrx_word' id='word_1_136' title='bbox 931 2201 970 2246; x_wconf 83' lang='lat' dir='ltr'>ex</span> <span class='ocrx_word' id='word_1_137' title='bbox 1000 2180 1078 2246; x_wconf 90' lang='lat' dir='ltr'>locis</span> <span class='ocrx_word' id='word_1_138' title='bbox 1102 2181 1332 2265; x_wconf 91' lang='lat' dir='ltr'>communibus,</span> 
     </span>
     <span class='ocr_line' id='line_1_16' title="bbox 215 2295 1333 2381; baseline 0.003 -21"><span class='ocrx_word' id='word_1_139' title='bbox 215 2295 299 2360; x_wconf 92' lang='lat' dir='ltr'>unde</span> <span class='ocrx_word' id='word_1_140' title='bbox 323 2295 476 2380; x_wconf 83' lang='lat' dir='ltr'>efficitur,</span> <span class='ocrx_word' id='word_1_141' title='bbox 507 2306 541 2361; x_wconf 91' lang='lat' dir='ltr'>ut</span> <span class='ocrx_word' id='word_1_142' title='bbox 571 2295 603 2360; x_wconf 93' lang='lat' dir='ltr'>in</span> <span class='ocrx_word' id='word_1_143' title='bbox 628 2297 773 2363; x_wconf 93' lang='lat' dir='ltr'>omnibus</span> <span class='ocrx_word' id='word_1_144' title='bbox 802 2297 869 2362; x_wconf 84' lang='lat' dir='ltr'>lere</span> <span class='ocrx_word' id='word_1_145' title='bbox 899 2296 1096 2362; x_wconf 91' lang='lat' dir='ltr'>orationibus</span> <span class='ocrx_word' id='word_1_146' title='bbox 1125 2297 1333 2381; x_wconf 89' lang='lat' dir='ltr'>popularibus</span> 
     </span>
     <span class='ocr_line' id='line_1_17' title="bbox 216 2410 1331 2497; baseline 0.002 -21"><span class='ocrx_word' id='word_1_147' title='bbox 216 2410 361 2477; x_wconf 89' lang='lat' dir='ltr'>adhiberi</span> <span class='ocrx_word' id='word_1_148' title='bbox 385 2412 555 2497; x_wconf 88' lang='lat' dir='ltr'>potuerint.</span> <span class='ocrx_word' id='word_1_149' title='bbox 594 2414 700 2496; x_wconf 86' lang='lat' dir='ltr'>Atque</span> <span class='ocrx_word' id='word_1_150' title='bbox 723 2412 773 2477; x_wconf 88' lang='lat' dir='ltr'>vir</span> <span class='ocrx_word' id='word_1_151' title='bbox 795 2412 849 2478; x_wconf 90' lang='lat' dir='ltr'>ille</span> <span class='ocrx_word' id='word_1_152' title='bbox 872 2412 1076 2479; x_wconf 88' lang='lat' dir='ltr'>doctissimus</span> <span class='ocrx_word' id='word_1_153' title='bbox 1100 2413 1170 2497; x_wconf 91' lang='lat' dir='ltr'>ipse</span> <span class='ocrx_word' id='word_1_154' title='bbox 1194 2413 1212 2478; x_wconf 74' lang='lat' dir='ltr'>l:</span> <span class='ocrx_word' id='word_1_155' title='bbox 1229 2415 1248 2478; x_wconf 90' lang='lat' dir='ltr'>l.</span> <span class='ocrx_word' id='word_1_156' title='bbox 1269 2415 1331 2478; x_wconf 90' lang='lat' dir='ltr'>De-</span> 
     </span>
     <span class='ocr_line' id='line_1_18' title="bbox 216 2527 1331 2612; baseline 0 -20"><span class='ocrx_word' id='word_1_157' title='bbox 216 2527 429 2612; x_wconf 86' lang='lat' dir='ltr'>mosthenem,</span> <span class='ocrx_word' id='word_1_158' title='bbox 458 2528 513 2612; x_wconf 89' lang='lat' dir='ltr'>qui</span> <span class='ocrx_word' id='word_1_159' title='bbox 537 2550 660 2595; x_wconf 90' lang='lat' dir='ltr'>onmem</span> <span class='ocrx_word' id='word_1_160' title='bbox 686 2529 862 2594; x_wconf 91' lang='lat' dir='ltr'>orationem</span> <span class='ocrx_word' id='word_1_161' title='bbox 886 2528 1068 2594; x_wconf 83' lang='lat' dir='ltr'>habendam</span> <span class='ocrx_word' id='word_1_162' title='bbox 1092 2537 1188 2595; x_wconf 89' lang='lat' dir='ltr'>antea</span> <span class='ocrx_word' id='word_1_163' title='bbox 1211 2550 1331 2595; x_wconf 87' lang='lat' dir='ltr'>summu</span> 
     </span>
     <span class='ocr_line' id='line_1_19' title="bbox 216 2630 1333 2731; baseline 0 -22"><span class='ocrx_word' id='word_1_164' title='bbox 216 2630 292 2709; x_wconf 88' lang='lat' dir='ltr'>cura</span> <span class='ocrx_word' id='word_1_165' title='bbox 316 2666 354 2710; x_wconf 92' lang='lat' dir='ltr'>ac</span> <span class='ocrx_word' id='word_1_166' title='bbox 378 2643 548 2728; x_wconf 83' lang='lat' dir='ltr'>diligentia</span> <span class='ocrx_word' id='word_1_167' title='bbox 581 2645 754 2711; x_wconf 91' lang='lat' dir='ltr'>meditatus</span> <span class='ocrx_word' id='word_1_168' title='bbox 778 2653 878 2731; x_wconf 88' lang='lat' dir='ltr'>esset,</span> <span class='ocrx_word' id='word_1_169' title='bbox 911 2644 953 2710; x_wconf 91' lang='lat' dir='ltr'>ad</span> <span class='ocrx_word' id='word_1_170' title='bbox 978 2646 1081 2730; x_wconf 83' lang='lat' dir='ltr'>ipsam</span> <span class='ocrx_word' id='word_1_171' title='bbox 1105 2646 1186 2710; x_wconf 89' lang='lat' dir='ltr'>hanc</span> <span class='ocrx_word' id='word_1_172' title='bbox 1210 2654 1333 2729; x_wconf 88' lang='lat' dir='ltr'>partem</span> 
     </span>
     <span class='ocr_line' id='line_1_20' title="bbox 216 2759 1332 2846; baseline 0 -21"><span class='ocrx_word' id='word_1_173' title='bbox 216 2759 369 2825; x_wconf 91' lang='lat' dir='ltr'>orationis</span> <span class='ocrx_word' id='word_1_174' title='bbox 398 2760 454 2842; x_wconf 91' lang='lat' dir='ltr'>(ad</span> <span class='ocrx_word' id='word_1_175' title='bbox 484 2761 662 2846; x_wconf 89' lang='lat' dir='ltr'>prooemia)</span> <span class='ocrx_word' id='word_1_176' title='bbox 694 2761 991 2828; x_wconf 87' lang='lat' dir='ltr'>collectionem</span> <span class='ocrx_word' id='word_1_177' title='bbox 1024 2762 1197 2827; x_wconf 88' lang='lat' dir='ltr'>locorum</span> <span class='ocrx_word' id='word_1_178' title='bbox 1233 2783 1332 2828; x_wconf 89' lang='lat' dir='ltr'>com-</span> 
     </span>
     <span class='ocr_line' id='line_1_21' title="bbox 218 2877 1333 2964; baseline 0.004 -25"><span class='ocrx_word' id='word_1_179' title='bbox 218 2877 413 2962; x_wconf 90' lang='lat' dir='ltr'>munium,</span> <span class='ocrx_word' id='word_1_180' title='bbox 446 2877 515 2961; x_wconf 92' lang='lat' dir='ltr'>qui</span> <span class='ocrx_word' id='word_1_181' title='bbox 544 2877 594 2942; x_wconf 88' lang='lat' dir='ltr'>ad</span> <span class='ocrx_word' id='word_1_182' title='bbox 618 2899 758 2944; x_wconf 89' lang='lat' dir='ltr'>omnes</span> <span class='ocrx_word' id='word_1_183' title='bbox 786 2879 1007 2944; x_wconf 90' lang='lat' dir='ltr'>orationes</span> <span class='ocrx_word' id='word_1_184' title='bbox 1033 2878 1333 2964; x_wconf 90' lang='lat' dir='ltr'>convenirent,</span> 
     </span>
     <span class='ocr_line' id='line_1_22' title="bbox 216 2992 1335 3085; baseline 0.004 -31"><span class='ocrx_word' id='word_1_185' title='bbox 216 2994 275 3059; x_wconf 88' lang='lat' dir='ltr'>vel</span> <span class='ocrx_word' id='word_1_186' title='bbox 304 2993 602 3078; x_wconf 81' lang='lat' dir='ltr'>exemplarium,</span> <span class='ocrx_word' id='word_1_187' title='bbox 634 3014 735 3076; x_wconf 91' lang='lat' dir='ltr'>quae</span> <span class='ocrx_word' id='word_1_188' title='bbox 766 2993 813 3058; x_wconf 90' lang='lat' dir='ltr'>ad</span> <span class='ocrx_word' id='word_1_189' title='bbox 843 2992 1080 3085; x_wconf 85' lang='lat' dir='ltr'>imitandum</span> <span class='ocrx_word' id='word_1_190' title='bbox 1113 2995 1335 3078; x_wconf 89' lang='lat' dir='ltr'>proposita</span> 
     </span>
     <span class='ocr_line' id='line_1_23' title="bbox 216 3109 1210 3194; baseline 0.002 -20"><span class='ocrx_word' id='word_1_191' title='bbox 216 3121 369 3194; x_wconf 88' lang='lat' dir='ltr'>essent,</span> <span class='ocrx_word' id='word_1_192' title='bbox 394 3109 456 3175; x_wconf 85' lang='lat' dir='ltr'>sibi</span> <span class='ocrx_word' id='word_1_193' title='bbox 480 3130 632 3176; x_wconf 85' lang='lat' dir='ltr'>exarasse</span> <span class='ocrx_word' id='word_1_194' title='bbox 656 3110 919 3176; x_wconf 89' lang='lat' dir='ltr'>verisimillimum</span> <span class='ocrx_word' id='word_1_195' title='bbox 944 3131 1015 3177; x_wconf 89' lang='lat' dir='ltr'>esse</span> <span class='ocrx_word' id='word_1_196' title='bbox 1040 3110 1210 3176; x_wconf 90' lang='lat' dir='ltr'>contendit.</span> 
     </span>
    </p>

    <p class='ocr_par' dir='ltr' id='par_1_4' title="bbox 217 3226 1335 3545">
     <span class='ocr_line' id='line_1_24' title="bbox 306 3226 1334 3312; baseline 0.001 -20"><span class='ocrx_word' id='word_1_197' title='bbox 306 3228 418 3310; x_wconf 87' lang='lat' dir='ltr'>ltaque</span> <span class='ocrx_word' id='word_1_198' title='bbox 443 3226 492 3290; x_wconf 87' lang='lat' dir='ltr'>his</span> <span class='ocrx_word' id='word_1_199' title='bbox 518 3227 737 3293; x_wconf 90' lang='lat' dir='ltr'>communibus</span> <span class='ocrx_word' id='word_1_200' title='bbox 761 3226 839 3293; x_wconf 92' lang='lat' dir='ltr'>locis</span> <span class='ocrx_word' id='word_1_201' title='bbox 863 3235 959 3310; x_wconf 89' lang='lat' dir='ltr'>atque</span> <span class='ocrx_word' id='word_1_202' title='bbox 976 3226 1211 3312; x_wconf 84' lang='lat' dir='ltr'>exemplaribus</span> <span class='ocrx_word' id='word_1_203' title='bbox 1230 3227 1260 3291; x_wconf 92' lang='lat' dir='ltr'>in</span> <span class='ocrx_word' id='word_1_204' title='bbox 1280 3249 1334 3311; x_wconf 93' lang='lat' dir='ltr'>po-</span> 
     </span>
     <span class='ocr_line' id='line_1_25' title="bbox 217 3341 1335 3428; baseline -0.001 -20"><span class='ocrx_word' id='word_1_205' title='bbox 217 3341 405 3409; x_wconf 90' lang='lat' dir='ltr'>sterioribus</span> <span class='ocrx_word' id='word_1_206' title='bbox 430 3343 625 3409; x_wconf 86' lang='lat' dir='ltr'>orationibus</span> <span class='ocrx_word' id='word_1_207' title='bbox 650 3365 711 3410; x_wconf 94' lang='lat' dir='ltr'>nou</span> <span class='ocrx_word' id='word_1_208' title='bbox 734 3343 838 3408; x_wconf 91' lang='lat' dir='ltr'>minus</span> <span class='ocrx_word' id='word_1_209' title='bbox 862 3364 957 3426; x_wconf 88' lang='lat' dir='ltr'>quam</span> <span class='ocrx_word' id='word_1_210' title='bbox 982 3343 1013 3408; x_wconf 94' lang='lat' dir='ltr'>in</span> <span class='ocrx_word' id='word_1_211' title='bbox 1039 3343 1196 3428; x_wconf 87' lang='lat' dir='ltr'>prioribus</span> <span class='ocrx_word' id='word_1_212' title='bbox 1220 3345 1335 3428; x_wconf 92' lang='lat' dir='ltr'>Demo-</span> 
     </span>
     <span class='ocr_line' id='line_1_26' title="bbox 218 3457 1223 3545; baseline -0.001 -21"><span class='ocrx_word' id='word_1_213' title='bbox 218 3457 372 3543; x_wconf 89' lang='lat' dir='ltr'>sthenem,</span> <span class='ocrx_word' id='word_1_214' title='bbox 397 3457 425 3524; x_wconf 90' lang='lat' dir='ltr'>si</span> <span class='ocrx_word' id='word_1_215' title='bbox 449 3459 479 3524; x_wconf 93' lang='lat' dir='ltr'>ei</span> <span class='ocrx_word' id='word_1_216' title='bbox 503 3458 658 3544; x_wconf 88' lang='lat' dir='ltr'>libuisset,</span> <span class='ocrx_word' id='word_1_217' title='bbox 684 3460 729 3526; x_wconf 92' lang='lat' dir='ltr'>uti</span> <span class='ocrx_word' id='word_1_218' title='bbox 753 3460 897 3545; x_wconf 90' lang='lat' dir='ltr'>potuisse</span> <span class='ocrx_word' id='word_1_219' title='bbox 922 3468 970 3526; x_wconf 90' lang='lat' dir='ltr'>est</span> <span class='ocrx_word' id='word_1_220' title='bbox 994 3459 1223 3526; x_wconf 88' lang='lat' dir='ltr'>arbitrandum.</span> 
     </span>
    </p>

    <p class='ocr_par' dir='ltr' id='par_1_5' title="bbox 218 3574 1336 3892">
     <span class='ocr_line' id='line_1_27' title="bbox 308 3574 1334 3661; baseline 0 -21"><span class='ocrx_word' id='word_1_221' title='bbox 308 3574 394 3653; x_wconf 81' lang='lat' dir='ltr'>Quid</span> <span class='ocrx_word' id='word_1_222' title='bbox 423 3582 529 3641; x_wconf 89' lang='lat' dir='ltr'>autem</span> <span class='ocrx_word' id='word_1_223' title='bbox 558 3574 608 3642; x_wconf 91' lang='lat' dir='ltr'>his</span> <span class='ocrx_word' id='word_1_224' title='bbox 636 3576 808 3659; x_wconf 88' lang='lat' dir='ltr'>prooemiis</span> <span class='ocrx_word' id='word_1_225' title='bbox 838 3576 869 3642; x_wconf 91' lang='lat' dir='ltr'>in</span> <span class='ocrx_word' id='word_1_226' title='bbox 900 3576 1096 3642; x_wconf 88' lang='lat' dir='ltr'>orationibus</span> <span class='ocrx_word' id='word_1_227' title='bbox 1128 3576 1172 3643; x_wconf 92' lang='lat' dir='ltr'>uti</span> <span class='ocrx_word' id='word_1_228' title='bbox 1201 3576 1334 3661; x_wconf 89' lang='lat' dir='ltr'>posteri-</span> 
     </span>
     <span class='ocr_line' id='line_1_28' title="bbox 218 3690 1336 3776; baseline 0.004 -21"><span class='ocrx_word' id='word_1_229' title='bbox 218 3691 325 3757; x_wconf 88' lang='lat' dir='ltr'>oribus</span> <span class='ocrx_word' id='word_1_230' title='bbox 350 3690 560 3757; x_wconf 87' lang='lat' dir='ltr'>Demostheni</span> <span class='ocrx_word' id='word_1_231' title='bbox 592 3712 655 3757; x_wconf 92' lang='lat' dir='ltr'>nou</span> <span class='ocrx_word' id='word_1_232' title='bbox 690 3692 818 3758; x_wconf 89' lang='lat' dir='ltr'>licuisse</span> <span class='ocrx_word' id='word_1_233' title='bbox 848 3694 967 3776; x_wconf 81' lang='lat' dir='ltr'>putas?</span> <span class='ocrx_word' id='word_1_234' title='bbox 1023 3692 1122 3756; x_wconf 91' lang='lat' dir='ltr'>Immo</span> <span class='ocrx_word' id='word_1_235' title='bbox 1146 3713 1221 3758; x_wconf 90' lang='lat' dir='ltr'>vero</span> <span class='ocrx_word' id='word_1_236' title='bbox 1254 3692 1336 3759; x_wconf 86' lang='lat' dir='ltr'>hanc</span> 
     </span>
     <span class='ocr_line' id='line_1_29' title="bbox 219 3807 1334 3892; baseline 0.001 -19"><span class='ocrx_word' id='word_1_237' title='bbox 219 3808 437 3873; x_wconf 87' lang='lat' dir='ltr'>collectionem</span> <span class='ocrx_word' id='word_1_238' title='bbox 461 3807 489 3872; x_wconf 90' lang='lat' dir='ltr'>si</span> <span class='ocrx_word' id='word_1_239' title='bbox 506 3807 739 3874; x_wconf 88' lang='lat' dir='ltr'>Demosthenes</span> <span class='ocrx_word' id='word_1_240' title='bbox 756 3817 821 3874; x_wconf 89' lang='lat' dir='ltr'>tum</span> <span class='ocrx_word' id='word_1_241' title='bbox 838 3807 975 3892; x_wconf 92' lang='lat' dir='ltr'>demum,</span> <span class='ocrx_word' id='word_1_242' title='bbox 1000 3817 1034 3875; x_wconf 91' lang='lat' dir='ltr'>ut</span> <span class='ocrx_word' id='word_1_243' title='bbox 1061 3808 1226 3874; x_wconf 80' lang='lat' dir='ltr'>Illassio</span> <span class='ocrx_word' id='word_1_244' title='bbox 1247 3807 1334 3874; x_wconf 91' lang='lat' dir='ltr'>vidc-</span> 
     </span>
    </p>
   </div>
   <div class='ocr_carea' id='block_1_4' title="bbox 219 3913 1445 4008">
    <p class='ocr_par' dir='ltr' id='par_1_6' title="bbox 219 3913 1445 4008">
     <span class='ocr_line' id='line_1_30' title="bbox 219 3913 1445 4008; baseline -0.001 -19"><span class='ocrx_word' id='word_1_245' title='bbox 219 3931 279 4007; x_wconf 90' lang='lat' dir='ltr'>tur,</span> <span class='ocrx_word' id='word_1_246' title='bbox 293 3922 534 4008; x_wconf 88' lang='lat' dir='ltr'>composuisset,</span> <span class='ocrx_word' id='word_1_247' title='bbox 548 3923 580 3987; x_wconf 92' lang='lat' dir='ltr'>in</span> <span class='ocrx_word' id='word_1_248' title='bbox 594 3923 673 4008; x_wconf 91' lang='lat' dir='ltr'>ipsis</span> <span class='ocrx_word' id='word_1_249' title='bbox 686 3925 914 4008; x_wconf 90' lang='lat' dir='ltr'>posterioribus</span> <span class='ocrx_word' id='word_1_250' title='bbox 928 3924 1015 3989; x_wconf 90' lang='lat' dir='ltr'>illum</span> <span class='ocrx_word' id='word_1_251' title='bbox 1032 3924 1228 3990; x_wconf 89' lang='lat' dir='ltr'>orationibus</span> <span class='ocrx_word' id='word_1_252' title='bbox 1245 3923 1335 3990; x_wconf 90' lang='lat' dir='ltr'>adhi-</span> <span class='ocrx_word' id='word_1_253' title='bbox 1443 3913 1445 3916; x_wconf 35' lang='lat'>⁵</span> 
     </span>
    </p>
   </div>
   <div class='ocr_carea' id='block_1_5' title="bbox 219 4039 1337 4479">
    <p class='ocr_par' dir='ltr' id='par_1_7' title="bbox 219 4039 1336 4252">
     <span class='ocr_line' id='line_1_31' title="bbox 221 4039 1335 4125; baseline 0.005 -24"><span class='ocrx_word' id='word_1_254' title='bbox 221 4039 357 4106; x_wconf 84' lang='lat' dir='ltr'>lriturum</span> <span class='ocrx_word' id='word_1_255' title='bbox 374 4040 474 4107; x_wconf 84' lang='lat' dir='ltr'>fuisse</span> <span class='ocrx_word' id='word_1_256' title='bbox 491 4048 540 4105; x_wconf 92' lang='lat' dir='ltr'>est</span> <span class='ocrx_word' id='word_1_257' title='bbox 563 4040 749 4125; x_wconf 87' lang='lat' dir='ltr'>putandum,</span> <span class='ocrx_word' id='word_1_258' title='bbox 773 4041 833 4106; x_wconf 91' lang='lat' dir='ltr'>nisi</span> <span class='ocrx_word' id='word_1_259' title='bbox 856 4042 939 4106; x_wconf 90' lang='lat' dir='ltr'>t&#39;orte</span> <span class='ocrx_word' id='word_1_260' title='bbox 956 4040 1204 4107; x_wconf 86' lang='lat' dir='ltr'>Demosthenem</span> <span class='ocrx_word' id='word_1_261' title='bbox 1223 4041 1335 4107; x_wconf 91' lang='lat' dir='ltr'>collec-</span> 
     </span>
     <span class='ocr_line' id='line_1_32' title="bbox 219 4155 1336 4252; baseline 0.003 -33"><span class='ocrx_word' id='word_1_262' title='bbox 219 4155 336 4252; x_wconf 78' lang='lat' dir='ltr'>tionem</span> <span class='ocrx_word' id='word_1_263' title='bbox 351 4156 580 4241; x_wconf 86' lang='lat' dir='ltr'>exemplarium</span> <span class='ocrx_word' id='word_1_264' title='bbox 598 4156 826 4242; x_wconf 89' lang='lat' dir='ltr'>conscripsisse</span> <span class='ocrx_word' id='word_1_265' title='bbox 845 4178 1020 4242; x_wconf 88' lang='lat' dir='ltr'>censemus,</span> <span class='ocrx_word' id='word_1_266' title='bbox 1038 4177 1077 4222; x_wconf 91' lang='lat' dir='ltr'>ne</span> <span class='ocrx_word' id='word_1_267' title='bbox 1098 4178 1137 4222; x_wconf 89' lang='lat' dir='ltr'>ca</span> <span class='ocrx_word' id='word_1_268' title='bbox 1148 4156 1336 4222; x_wconf 88' lang='lat' dir='ltr'>imitaretur.</span> 
     </span>
    </p>

    <p class='ocr_par' dir='ltr' id='par_1_8' title="bbox 220 4272 1337 4479">
     <span class='ocr_line' id='line_1_33' title="bbox 308 4272 1337 4358; baseline 0 -22"><span class='ocrx_word' id='word_1_269' title='bbox 308 4273 359 4336; x_wconf 85' lang='lat' dir='ltr'>An</span> <span class='ocrx_word' id='word_1_270' title='bbox 385 4272 618 4339; x_wconf 88' lang='lat' dir='ltr'>Demosthenes</span> <span class='ocrx_word' id='word_1_271' title='bbox 643 4272 722 4338; x_wconf 89' lang='lat' dir='ltr'>haec</span> <span class='ocrx_word' id='word_1_272' title='bbox 745 4274 909 4358; x_wconf 88' lang='lat' dir='ltr'>prooemia</span> <span class='ocrx_word' id='word_1_273' title='bbox 938 4273 1091 4338; x_wconf 90' lang='lat' dir='ltr'>adhibere</span> <span class='ocrx_word' id='word_1_274' title='bbox 1115 4273 1256 4338; x_wconf 90' lang='lat' dir='ltr'>noluisse</span> <span class='ocrx_word' id='word_1_275' title='bbox 1281 4273 1337 4336; x_wconf 87' lang='lat' dir='ltr'>tibi</span> 
     </span>
     <span class='ocr_line' id='line_1_34' title="bbox 220 4386 1336 4479; baseline 0 -25"><span class='ocrx_word' id='word_1_276' title='bbox 220 4386 347 4455; x_wconf 88' lang='lat' dir='ltr'>videtur</span> <span class='ocrx_word' id='word_1_277' title='bbox 370 4388 432 4458; x_wconf 88' lang='lat' dir='ltr'>nisi</span> <span class='ocrx_word' id='word_1_278' title='bbox 455 4389 487 4455; x_wconf 91' lang='lat' dir='ltr'>in</span> <span class='ocrx_word' id='word_1_279' title='bbox 512 4388 552 4459; x_wconf 90' lang='lat' dir='ltr'>iis</span> <span class='ocrx_word' id='word_1_280' title='bbox 576 4389 784 4479; x_wconf 89' lang='lat' dir='ltr'>orationibus,</span> <span class='ocrx_word' id='word_1_281' title='bbox 809 4411 889 4478; x_wconf 89' lang='lat' dir='ltr'>quas</span> <span class='ocrx_word' id='word_1_282' title='bbox 914 4388 1027 4460; x_wconf 86' lang='lat' dir='ltr'>eodem</span> <span class='ocrx_word' id='word_1_283' title='bbox 1047 4396 1190 4478; x_wconf 90' lang='lat' dir='ltr'>tempore</span> <span class='ocrx_word' id='word_1_284' title='bbox 1214 4388 1336 4476; x_wconf 93' lang='lat' dir='ltr'>habuit,</span> 
     </span>
    </p>
   </div>
   <div class='ocr_carea' id='block_1_6' title="bbox 0 0 1567 4912">
    <p class='ocr_par' dir='ltr' id='par_1_9' title="bbox 0 0 1567 4912">
     <span class='ocr_line' id='line_1_35' title="bbox 0 0 1567 4912; baseline 0 0"><span class='ocrx_word' id='word_1_285' title='bbox 0 0 1567 4912; x_wconf 95' lang='lat' dir='ltr'> </span> 
     </span>
    </p>
   </div>
  </div>
 </body>
</html>
