3102 4912
712 511 872 606 A

323 725 418 798 1444,
446 719 498 806 15]
524 712 605 806 μήτε
629 717 732 803 πέρας
753 718 852 806 μηδὲν
875 713 956 801 ἔχειν
982 759 1020 766 -
1047 741 1103 802 pro
1120 715 1201 800 ἔχειν
1221 719 1252 784 in
1270 740 1353 784 mal·-

233 838 307 922 gine
333 837 523 902 Lutetianae
547 837 664 919 legitur
686 830 757 917 εἶχε,
783 835 868 919 quod
893 835 969 900 mihi
994 834 1122 918 quidem
1140 834 1257 900 rectius
1280 855 1355 900 esse

234 954 367 1019 videtur.
394 991 433 998 —

326 1073 426 1152 1444,
463 1066 514 1154 16]
556 1063 736 1154 παρανοίας
771 1068 805 1132 θ’
842 1058 931 1150 ’ὑμεῖς
965 1057 1232 1153 καεεγιγνώσκεεε
1265 1058 1357 1148 ὑμῶν

233 1172 337 1248 αἶνῑῶν
371 1223 421 1276 -“
440 1183 482 1248 ad
508 1181 688 1270 παρανοίας
717 1183 851 1248 subaudi
881 1181 973 1270 δίκην
996 1185 1083 1248 velut
1112 1183 1143 1246 in
1175 1203 1217 1247 01,
1244 1191 1357 1248 contra

234 1301 367 1366 Ariston.
394 1302 467 1383 790,
494 1303 550 1364 19:
576 1293 625 1364 iim
651 1292 847 1386 παρανόμων
871 1287 968 1364 αἵτε-1·
992 1297 1178 1385 κατέγνωτε.
1205 1337 1245 1344 —-

328 1417 419 1498 1444,
444 1413 499 1502 20]
524 1412 782 1500 βεβουλευμένων
807 1455 847 1462 -
873 1424 921 1480 est
944 1415 1071 1498 generis
1095 1415 1247 1480 neutrius.
1274 1453 1313 1460 -—

326 1535 420 1615 1444,
446 1529 589 1618 21--23]
616 1534 654 1599 ct'.
679 1553 723 1597 ον.
749 1532 788 1597 de
813 1553 874 1596 eor.
901 1535 974 1616 291,
1002 1533 1042 1596 13
1067 1552 1135 1614 sqq.
1161 1569 1202 1576 -

484 1709 842 1792 Prooemium
870 1711 1110 1793 XXXVI.

327 1861 421 1944 1445,
449 1859 500 1948 18]
532 1855 622 1947 παρὰ
646 1855 683 1927 τὸ
709 1910 802 1926 .....
829 1849 886 1926 οὖν
910 1860 1034 1926 ἐθέλειν
1067 1901 1107 1907 -
1142 1848 1199 1926 οὖν
1229 1857 1355 1926 ἐθέλειν

235 1998 274 2042 ae
298 1983 360 2042 nen
384 1971 425 2064 μὴ
453 1973 595 2055 ἐθέλειν,
620 1977 706 2060 quod
730 1998 793 2042 una
818 1979 947 2044 notione
971 1978 1117 2044 subiecta
1140 1977 1280 2061 positum
1304 1985 1356 2043 est

236 2113 292 2178 pro
316 2091 519 2179 ε’ξαρνεῖσθαι
544 2094 663 2178 pariter
686 2103 781 2176 etque
807 2085 843 2158 oi
867 2118 960 2181 φημι.
993 2132 1032 2140 -

248 2213 251 2221 ’
328 2211 422 2292 1446,
449 2208 478 2295 1]
510 2206 716 2296 συμφέροντα
740 2258 835 2274 .....
860 2198 1066 2298 ἀφεστηκότα
1099 2209 1254 2292 coniunge
1285 2229 1355 2273 cum

236 2316 340 2410 λόγον.
367 2361 408 2370 -·

465 2452 822 2534 Prooemium
851 2454 1126 2535 XXXVII.

326 2602 375 2665 De
399 2600 460 2666 hoe
483 2603 646 2685 prooemio
671 2601 745 2666 vide
769 2623 867 2686 supra
889 2624 919 2687 p.
946 2606 986 2667 16
1011 2624 1079 2685 sqq.

329 2718 426 2800 1446,
459 2714 511 2802 11]
546 2710 670 2805 πότερα
699 2709 843 2803 ἐγνωκώς
872 2757 912 2764 -κ
943 2701 1132 2812 Mytilenaei
1159 2717 1223 2784 sint
1254 2716 1354 2801 digni,

238 2832 353 2914 quibus
365 2832 513 2898 iniuriam
527 2834 632 2916 passis
645 2834 858 2900 Athenienses
876 2835 1071 2918 opitulentur
1088 2854 1195 2900 necne.
1216 2832 1353 2900 Sebae-

238 2949 350 3014 t'eruS.
379 2986 416 2995 ·-

444 3040 807 3156 Prooemium
836 3077 988 3156 XXX
996 3076 1144 3157 νΙΠ.

329 3226 423 3308 1446,
441 3223 494 3312 28]
521 3224 555 3290 ἐκ
576 3221 726 3302 πλείονας
748 3277 840 3291 .....
865 3224 1160 3318 καὶιχαλενεωτὲροα
1176 3217 1288 3306 σώζειν
1315 3264 1353 3272 -

239 3341 382 3424 pluribus
396 3339 693 3424 difficilioribusque
714 3342 849 3425 negotiis
864 3342 1025 3426 expedire.
1053 3343 1294 3408 Sohaeterue
1312 3380 1355 3388 -

330 3459 424 3540 1447,
449 3459 536 3520 4-5
561 3465 592 3522 ε1
619 3461 718 3541 1447,
746 3457 888 3546 10-12]
925 3458 963 3526 cf.
993 3481 1130 3543 prooem.
1159 3459 1229 3523 XV.
1261 3446 1356 3542 1428,

238 3573 367 3637 20-23
399 3580 431 3637 et
462 3593 505 3638 or.
530 3572 657 3656 Olynth.
688 3575 701 3638 Ι
743 3577 800 3658 13,
830 3579 870 3640 29
896 3596 965 3659 sqq.
995 3583 1026 3640 et
1061 3596 1104 3641 or.
1130 3574 1210 3640 Phil.
1238 3575 1277 3640 11.
1302 3577 1354 3658 74,

238 3691 258 3751 4
282 3708 350 3771 sqq·
376 3726 417 3734 ...

480 3815 837 3897 Prooemtmn
866 3817 1108 3898 XXXIX.

330 3967 424 4048 1447,
442 3963 496 4052 25]
522 3962 577 4030 καί
600 3988 633 4029 εἰ
656 3958 824 4049 δαιμόνιον
840 3966 926 4031 τοῦτ’
943 3954 1095 4032 ἀπέκειτο
1120 4006 1161 4014 -
1186 3967 1352 4033 divinitus·

239 4100 300 4164 que
325 4079 385 4146 hee
409 4081 601 4148 destinatum
627 4092 703 4148 erat.
752 4083 1006 4150 Sohaet'erus.
1033 4123 1073 4130 —

330 4199 428 4280 1447,
455 4195 509 4284 27]
542 4192 583 4262 τὰ
606 4193 745 4285 μὲνγὰρ
769 4201 826 4286 τῆς
851 4191 943 4286 τύχης
966 4187 1069 4278 ὀξείας
1093 4197 1154 4282 ἔχει
1178 4194 1236 4278 τὰς
1258 4223 1355 4282 μετα-

239 4306 337 4397 βολὰς
361 4311 417 4379 καὶ
440 4307 548 4390 κοινὰς
572 4301 768 4402 ἀμφοτέραις
791 4306 849 4394 νὰς
873 4313 1053 4402 νεαρονσίας
1078 4357 1110 4363 -
1138 4339 1211 4383 nam
1228 4319 1356 4384 fortuna
