3102 4912
336 713 447 794 ltaque
471 708 632 775 orationes
662 709 830 792 populares
854 707 1025 772 maximam
1052 716 1176 792 partem
1200 730 1220 774 a
1245 710 1363 774 Demo-

246 829 358 896 sthene
383 828 452 912 ipsc
477 824 580 891 editas
604 846 675 890 esse
700 822 891 890 contendere
916 845 979 889 non
1003 822 1124 890 dubito.

336 961 400 1027 Sed
418 961 492 1026 illae
508 960 592 1026 duae
614 961 784 1043 orationes,
809 979 942 1042 quarum
965 960 1099 1025 alteram
1118 960 1366 1028 Demosthenem

248 1081 388 1162 legatum
401 1077 444 1144 ad
457 1076 633 1144 Messenios
646 1077 787 1158 missum,
804 1077 937 1141 alteram
951 1075 991 1141 de
1008 1077 1218 1160 occupatione
1233 1079 1367 1144 Elateae

248 1195 415 1263 elatiorem
432 1195 551 1260 tactum
567 1192 717 1258 habuisse
737 1213 777 1258 ex
793 1191 935 1257 secunda
952 1193 1097 1258 oratione
1114 1193 1296 1278 Philippica
1313 1198 1365 1280 lu,

248 1317 291 1378 22
315 1319 347 1378 ct
363 1309 506 1378 oratione
524 1308 564 1376 de
582 1331 698 1376 corona
714 1311 788 1388 286,
814 1312 833 1374 8
849 1317 994 1392 stiparet,
1019 1308 1060 1374 ab
1077 1309 1132 1374 illo
1149 1319 1275 1376 oratore
1292 1310 1366 1376 ideo

248 1427 354 1495 editae
380 1447 440 1494 uon
466 1447 536 1494 csse
560 1425 722 1506 videntur,
755 1424 841 1508 quod
872 1446 996 1491 summa
1026 1446 1134 1491 earum
1158 1426 1222 1490 iam
1247 1426 1368 1494 inillis

248 1541 446 1612 ‹trittiouibus
469 1545 566 1629 paulo
590 1549 663 1628 post
687 1543 871 1627 compositis
896 1540 937 1607 sit
958 1541 1053 1608 dicta.
1092 1543 1175 1608 Nam
1192 1543 1367 1609 secundam

249 1659 424 1728 rurationem
460 1657 671 1744 l'hilippicam
708 1658 819 1723 hahuit
838 1657 1087 1724 *Demosthenes
1122 1658 1234 1724 eodem
1271 1682 1366 1744 anno,

249 1798 312 1864 ‹tul›
336 1775 420 1864 alind
446 1775 622 1843 Messenios
647 1775 848 1841 contionatus
872 1784 957 1860 erat,
987 1782 1019 1840 ct
1042 1775 1219 1841 orationem
1249 1775 1289 1841 de
1314 1798 1365 1841 co-

251 1914 329 1961 rona
353 1913 413 1960 rrou
438 1891 484 1958 ilo
507 1892 604 1959 multo
629 1899 711 1975 post,
736 1911 832 1974 quam
855 1892 969 1956 Elatea
993 1898 1089 1976 capta
1112 1891 1247 1970 dixerat,
1275 1913 1368 1976 prae-

252 2009 386 2098 paravit,
412 2007 536 2076 etiamsi
561 2015 688 2083 canoto
706 2007 831 2073 demum
849 2007 941 2072 annis
958 2014 1031 2091 post
1053 2006 1115 2073 hac
1139 2029 1237 2074 eausa
1260 2009 1369 2075 multis

250 2125 492 2196 dil'licultatibus
517 2125 680 2192 obstructa
704 2124 814 2190 haberi
839 2125 951 2209 potuit.

340 2261 488 2327 lictorum
513 2258 596 2326 duae
620 2259 791 2341 orationes,
816 2279 895 2342 qnae
917 2259 1151 2324 Demosthenes
1174 2258 1262 2342 apud
1285 2261 1369 2326 Mes·

252 2377 358 2444 scrinios
383 2383 415 2442 ot
432 2376 546 2442 illatos
570 2375 721 2460 captain
747 2374 895 2440 contione
911 2374 1156 2440 Atheniensium
1179 2374 1270 2458 dixit,
1295 2395 1369 2440 num

253 2491 354 2560 irrutae
378 2499 410 2558 ct
434 2491 595 2580 perlectae
621 2491 748 2575 luerint,
772 2491 892 2573 ambigi
913 2497 1028 2575 potest.
1070 2491 1198 2557 Certum
1215 2500 1264 2558 est
1282 2492 1370 2557 illum

252 2607 428 2676 «arationem
460 2607 546 2694 aprrd
570 2606 783 2674 Athenienses
816 2607 956 2673 habitam
988 2629 1050 2673 non
1082 2606 1195 2674 eadem
1226 2629 1302 2674 eura
1331 2631 1371 2675 ae

252 2723 433 2810 diligentie,
468 2745 531 2810 qua
562 2723 593 2790 in
626 2723 796 2790 exarandis
828 2724 943 2789 ceteris
975 2723 1173 2790 orationibus
1205 2726 1370 2791 elaborare

253 2848 477 2928 commoverat,
514 2861 706 2928 praeparare
737 2839 888 2924 potuisse.
943 2841 1026 2906 Nam
1058 2861 1192 2925 vespere
1225 2841 1370 2907 Elateam

253 2965 379 3045 (rutilant
412 2977 483 3024 esso
515 2955 659 3024 Athones
691 2956 868 3022 nuntiatum
900 2964 968 3023 erat
999 2964 1031 3022 et
1063 2957 1126 3022 iarn
1158 2965 1286 3041 postero
1317 2956 1370 3023 die

254 3074 354 3162 [eritne
379 3074 448 3142 luce
473 3073 608 3160 populus
633 3072 663 3137 in
687 3073 814 3139 comitio
831 3094 1031 3158 congressus,
1056 3073 1111 3138 urbi
1127 3073 1370 3160 Demosthenes,

253 3211 323 3259 cunr
354 3211 446 3258 ncnro
475 3189 506 3256 in
530 3189 753 3256 adhortatione
779 3190 947 3274 praeconis
980 3189 1214 3256 addicendum
1239 3211 1370 3276 surgere

253 3327 349 3374 anesus
366 3313 460 3392 osset,
486 3306 568 3372 hanc
585 3305 760 3372 orationem
777 3305 935 3392 habuir1).
981 3307 1029 3373 Ae
1052 3306 1168 3374 missus
1192 3307 1235 3373 ad
1251 3307 1370 3375 Messe-

255 3425 324 3493 nios
340 3423 394 3490 ille
410 3422 513 3506 magis
531 3442 698 3508 personam
718 3422 900 3507 interpretis
918 3444 1012 3507 quam
1030 3424 1166 3490 oratoris
1182 3423 1371 3491 sustinuisse

254 3539 329 3607 mihi
353 3538 489 3606 videtur.

343 3674 433 3754 Quae
451 3694 519 3740 curn
537 3673 581 3739 ila
597 3672 669 3758 sint,
693 3670 824 3738 dubium
841 3694 902 3738 non
920 3679 977 3758 est,
1003 3673 1079 3756 quin
1104 3672 1371 3740 Callimachus

256 3791 426 3858 niaximam
449 3797 573 3875 partem
597 3788 774 3856 orationum
807 3789 1023 3874 popularium,
1053 3790 1173 3873 quippe
1203 3809 1285 3873 quae
1309 3789 1371 3854 iam

254 3905 514 3975 aDemosthene
545 3905 614 3973 sine
646 3907 710 3971 ulla
741 3905 940 3972 dubitatione
965 3904 1071 3973 editae
1096 3914 1216 3990 essent,
1249 3906 1372 3972 noverit

255 4031 287 4091 et
316 4023 348 4088 in
381 4022 607 4089 bibliothecam
641 4021 818 4088 condiderit
849 4020 1106 4088 Alexandrinam.
1161 4022 1243 4087 Nam
1274 4023 1371 4106 illum,

255 4141 310 4224 qui
341 4160 403 4205 non
430 4138 477 4204 ita
503 4137 612 4205 multis
639 4139 699 4204 fuit
727 4137 835 4222 annis,
869 4146 1036 4222 postquam
1065 4137 1248 4221 eloquentia
1271 4141 1373 4206 Grae-

257 4267 469 4277 -—--‹.-—

348 4337 372 4402 1)
392 4352 428 4388 or.
449 4333 481 4386 do
498 4349 551 4386 cor.
571 4337 631 4397 28l,
651 4337 685 4387 20
705 4348 763 4401 sqq.
