3102 4912
757 565 777 627 9

687 655 846 662 ————

207 800 314 844 corum
345 777 510 862 floruerat,
542 771 582 842 cx
613 776 727 860 opibus
760 775 1057 860 Philadelphi,
1091 775 1175 858 regis
1208 775 1324 841 artium

207 895 386 961 liberalium
410 892 651 976 studiosissimi,
682 913 790 958 omnes
815 891 991 976 orationes,
1017 913 1225 975 quaecunque
1251 913 1325 956 con-

208 1011 290 1095 quiri
315 1019 471 1096 poterant,
497 1009 684 1095 praesertim
708 1030 778 1074 cum
802 1031 822 1072 a
839 1009 917 1074 viris
942 1009 1100 1074 nobilibus
1125 1008 1325 1092 conscriptae

207 1135 325 1212 essent,
350 1127 491 1210 undique
516 1126 654 1191 maximo
679 1125 782 1210 pretio
805 1125 959 1192 coemisse
983 1125 1063 1190 satis
1088 1131 1220 1190 constat.

296 1245 337 1310 Et
364 1245 533 1327 quisquam
564 1242 707 1308 censebit
735 1241 1042 1308 Callimachum
1066 1241 1325 1312 aDcmosthene

208 1368 337 1445 practer
353 1359 514 1426 orationes
531 1359 702 1443 populares
719 1357 781 1423 sibi
798 1365 890 1424 notas
907 1358 1002 1423 etiarn
1020 1357 1253 1442 quinquaginta
1269 1377 1326 1422 sex

208 1477 298 1561 alias,
324 1499 364 1542 ex
389 1475 504 1559 quibus
528 1475 699 1559 desumpta
723 1481 831 1541 essent
854 1474 934 1540 haec
957 1474 1135 1558 prooemia,
1165 1475 1326 1558 perlectas

208 1613 280 1659 esse
303 1593 461 1677 putasse?
508 1591 647 1658 Minime.

297 1711 469 1774 Praeterea
492 1707 668 1774 doctissimi
691 1707 751 1773 viri
776 1706 1013 1772 recentissimae
1038 1707 1154 1773 aetatis
1175 1707 1262 1773 velut
1278 1707 1325 1771 W.

209 1825 397 1892 Christus
420 1826 475 1891 l..l.
493 1847 522 1910 p.
540 1827 604 1890 232
628 1845 727 1909 opera
743 1823 968 1890 Demosthenis
994 1823 1101 1889 omnia
1124 1823 1239 1890 mortui
1263 1823 1326 1887 iarn

209 1942 241 2006 in
265 1942 389 2025 Attica,
423 1963 485 2008 non
517 1942 645 2007 denium
667 1940 883 2006 Alexandriae
907 1939 995 2006 edita
1025 1961 1097 2006 esse
1121 1940 1325 2022 contendunt,

210 2059 293 2125 unde
318 2057 618 2125 Callimachum
643 2079 681 2124 ec
705 2057 809 2123 minus
833 2056 939 2142 decipi
963 2057 1107 2141 potuisse
1131 2064 1274 2142 apparet.

299 2292 340 2357 At
364 2290 446 2356 hacc
469 2289 613 2368 collectio
638 2289 870 2373 prooemiorum
900 2289 962 2354 nisi
989 2310 1030 2355 ex
1052 2288 1249 2354 orationibus
1274 2286 1326 2352 dc·

210 2407 329 2492 scripta
354 2414 413 2490 cst,
437 2407 597 2491 quomodo
621 2405 751 2472 tandem
775 2413 824 2472 est
847 2407 959 2471 facta?

300 2525 372 2589 Mea
404 2522 533 2605 quidem
564 2522 724 2589 sententia
755 2522 834 2588 haec
865 2522 1009 2594 collectio
1044 2522 1276 2607 prooemiorum
1309 2543 1329 2585 a

212 2639 481 2706 Demosthene
505 2639 596 2724 ipso
620 2649 680 2705 est
703 2639 942 2724 composita,
966 2639 1026 2705 nisi
1052 2637 1136 2720 quod
1160 2638 1199 2722 ei,
1224 2647 1258 2704 ut
1281 2638 1327 2702 in-

212 2761 260 2822 tra
284 2755 526 2840 explicabimus,
554 2763 668 2841 postea
691 2755 868 2840 compluria
892 2755 956 2820 alia
979 2755 1048 2822 eius
1072 2763 1145 2821 sunt
1169 2754 1328 2820 adiuncta.

299 2871 467 2938 Prooemia
490 2871 698 2955 gravissimas
721 2879 828 2957 partes
853 2872 1029 2938 orationum
1054 2892 1125 2937 esse
1149 2880 1180 2935 et
1204 2878 1329 2936 veteres

210 2989 242 3054 in
269 2988 334 3054 illis
368 2987 539 3054 exarandis
563 2987 734 3054 maximum
758 2987 898 3056 studium
923 2986 1159 3072 consumpsisse
1183 2993 1327 3070 apparet.

211 3105 273 3170 Hic
284 3104 361 3170 mihi
375 3104 470 3171 liceat
483 3104 605 3190 afferre,
628 3125 710 3188 quae
731 3104 975 3188 Spengclius
992 3099 1178 3192 (Συναγωγὴ
1197 3103 1329 3184 τεχνῶν)

211 3220 291 3286 dicit
313 3220 354 3286 de
378 3221 549 3304 prooemiis
572 3242 603 3306 p.
631 3223 710 3289 103:
739 3221 929 3306 „Oratorem
953 3220 1090 3285 maxime
1114 3219 1146 3284 in
1170 3217 1329 3304 principio

212 3345 243 3403 ct
267 3337 330 3403 fine
354 3337 448 3402 valde
472 3337 680 3404 exercitatum
710 3345 742 3404 et
766 3339 975 3420 eloquentem·
991 3357 1062 3404 esse
1090 3357 1140 3402 res
1167 3336 1240 3420 ipsa
1262 3337 1329 3401 icre

211 3452 429 3537 flagitat
470 3455 582 3537 ltaque
606 3455 737 3519 multam
761 3454 838 3520 darc
863 3453 1025 3520 debebant
1039 3461 1165 3520 veteres
1189 3472 1328 3536 operam,

212 3588 282 3634 cum
307 3569 388 3634 bene
405 3568 544 3634 exordiri
561 3568 753 3654 perdifficile
770 3570 812 3636 sit
827 3571 983 3654 pluraque
999 3569 1033 3633 id
1049 3588 1151 3652 genus
1177 3569 1208 3633 in
1224 3575 1330 3633 mente

212 3684 345 3770 habere,
370 3705 388 3751 e
413 3685 542 3769 quibus,
567 3685 653 3768 quod
676 3686 723 3751 rei
747 3685 893 3770 agendae
918 3686 1112 3769 conveniret,
1137 3683 1329 3768 eligerent“;

212 3808 244 3866 et
267 3821 297 3885 p.
326 3804 402 3868 104:
432 3802 574 3886 „factum
598 3801 692 3886 (est),
716 3809 750 3867 ut
774 3811 926 3868 externae
950 3801 1010 3866 hae
1035 3801 1187 3866 orationis
1212 3807 1320 3884 partes

212 3937 295 4001 quae
319 3937 382 3983 non
406 3926 471 3983 tam
494 3916 537 3981 ad
560 3938 625 3982 rem
649 3917 754 4002 ipsam
778 3916 1017 3983 diiudicandum
1046 3938 1141 4000 quam
1165 3916 1207 3981 ad
1231 3937 1329 4001 popu-

212 4034 275 4098 lum
300 4040 331 4098 et
355 4033 477 4106 iudices
500 4032 731 4119 permovendos
754 4033 923 4119 pertinent,
948 4033 1057 4117 magni
1073 4032 1331 4099 existimarentur·

212 4149 372 4233 momenti,
398 4157 430 4215 ct
445 4149 510 4216 iarn
528 4171 548 4215 a
563 4149 674 4234 primis
698 4150 890 4216 artificiosae
914 4149 1117 4234 eloquentiae
1140 4149 1330 4232 oratoribus,

213 4265 328 4347 quihus
352 4265 384 4329 in
409 4267 477 4331 t'oro
502 4274 534 4332 et
549 4265 667 4332 iudicio
684 4275 753 4333 crat
770 4266 951 4353 dicendum,
975 4266 1008 4331 in
1024 4286 1116 4334 suum
1132 4265 1330 4346 aliorumque

213 4401 304 4446 usum
328 4383 416 4448 solae
440 4381 709 4451 elabor·arcntur“.
