3102 4912
687 531 728 596 33

627 623 786 630 ————

195 2251 340 2316 Prooem.
379 2249 465 2314 LIII.
504 2250 606 2329 1460,
644 2250 680 2310 1:

149 2353 680 2452 ὃμοιὸτοιτα,οἰἶν’νδρεςἈθήνοιῖοι,

148 2488 219 2560 τοῖς
242 2477 332 2569 παρὰ
347 2485 411 2547 τῶν
429 2479 548 2565 ἶοιτριῦν
564 2477 682 2556 σιτίοις

149 2592 293 2677 διδόντες
315 2588 400 2681 ὑμῖν.
425 2592 556 2683 καὶγὰρ
577 2595 682 2661 ἐκεῖνοι

149 2705 215 2780 οὔτ’
230 2709 318 2796 ἰσχὺν
330 2710 498 2801 ἐντίθησιν
512 2702 585 2777 οὔτε
597 2700 682 2776 ἄπο-

148 2823 302 2919 θνήσνιειν
325 2824 372 2918 ἑᾷ.

194 2948 337 3012 Prooem.
372 2945 453 3010 LIV.
489 2946 589 3028 1460,
624 2947 681 3010 15:

149 3049 189 3149 ήν
202 3063 229 3127 δ’
246 3051 371 3144 ipius&
385 3112 391 3125 .
406 3112 413 3126 .
428 3112 435 3126 .
450 3112 457 3126 .
471 3048 682 3150 ἱερὰᾶσφοιλή

149 3175 205 3242 καὶ
228 3174 345 3264 βέβαιοι
368 3203 396 3243 κ.
421 3200 449 3241 τ.
475 3177 502 3242 λ.

196 3410 340 3474 Prooem.
373 3409 453 3475 LVI.
490 3412 590 3494 1462,
626 3412 681 3474 1οε

736 747 808 829 106,
835 745 872 808 6:
900 741 954 808 καὶ
978 733 1038 829 γάρ
1067 765 1120 806 τοι
1143 733 1268 808 τούτων

733 860 791 943 μὲν
829 859 865 924 εἶν
900 861 1037 941 πτωχῶν
1075 853 1155 923 ἔνιοι
1190 851 1268 939 ταχὺ

735 963 887 1041 πλούσιοι
911 968 1058 1061 χεχὸνασι
1083 999 1111 1039 κ.
1132 999 1160 1038 τ.
1183 975 1211 1038 λ.
1237 981 1269 1039 et

735 1091 846 1157 eodeni
864 1093 964 1157 verba
979 1091 1012 1155 in
1029 1100 1108 1158 orat.
1128 1090 1267 1174 Philipp.

736 1209 786 1274 IV.
820 1211 899 1294 149,
933 1211 988 1290 17,
1022 1214 1101 1272 orat.
1131 1207 1172 1272 de
1205 1228 1267 1272 cor.

735 1328 864 1407 271,1;
895 1317 1056 1400 πλούσιος
1079 1321 1115 1388 ἐκ
1138 1322 1270 1404 πτωχοῦ

735 1435 789 1506 διὰ
817 1439 968 1506 τοιτοοσὶ
1002 1431 1156 1526 peponis,-
1191 1445 1267 1532 orat.

735 1557 775 1622 de
799 1557 934 1623 Ariston.
960 1559 1033 1641 690,
1059 1559 1093 1620 6:
1119 1555 1154 1620 ἐκ
1178 1577 1269 1618 πτω-

732 1675 796 1756 χῶν
808 1663 957 1756 εἶν’ποροις
980 1679 1058 1737 orat.
1075 1671 1115 1738 de
1131 1672 1268 1736 Timoer.

736 1793 810 1873 739,
825 1793 881 1871 203
906 1787 942 1854 ἐκ
955 1780 1103 1875 πενήτων
1116 1778 1268 1852 πλούσιοι

734 1897 1270 1991 γιγνόμενοιςστοεοοοῑιοΕιώεΙ.

740 2024 832 2105 1313,
847 2024 880 2086 8:
899 2018 1022 2086 πολλοὶ
1035 2018 1062 2084 δ’
1074 2017 1109 2084 ἐκ
1122 2010 1269 2106 πενήτων

737 2130 901 2202 πλούσιαι.
1153 2124 1155 2130 ’

781 2254 868 2320 Orat.
895 2251 1024 2336 Olynlh.
1050 2253 1103 2316 III.
1129 2253 1180 2334 37,
1210 2253 1270 2316 24:

735 2349 760 2434 il
779 2373 849 2445 τοῖς
873 2356 1079 2450 (ἀσθενοῦσι)
1101 2361 1191 2450 παρὰ
1206 2357 1270 2430 τῶν

735 2475 1269 2570 ’ἱατρῶνσιτίοιςὁιόομένοιςέοικε.

736 2598 789 2664 καὶ
808 2595 867 2686 γὰρ
883 2598 988 2664 ἐκεῖνα
1005 2591 1070 2664 οὔτ’
1088 2593 1175 2680 ἰσχὺν
1188 2595 1270 2662 ἐντί-

737 2721 836 2802 θησιν
860 2707 925 2780 oilr'
950 2702 1176 2801 ἀποθνήσκειν
1200 2713 1245 2802 ἑᾷ.

783 2947 870 3013 Orat.
895 2946 935 3012 de
959 2947 1030 3012 fals.
1055 2947 1116 3030 leg.
1135 2948 1209 3029 372,
1234 2948 1269 3010 2(

738 3057 775 3128 τὸ
799 3056 858 3148 γὰρ
874 3050 1018 3150 ἀσφαλὲς
1035 3047 1132 3148 οιῖιτής
1153 3061 1270 3145 (pacis)

738 3177 792 3243 καὶ
809 3171 846 3242 τὸ
862 3175 994 3263 βέβαιον
1019 3163 1106 3242 οὗτοι
1130 3168 1270 3261 προῦδο-

738 3317 807 3360 σοιν.

783 3411 869 3476 Orat.
896 3409 1032 3492 Philipp.
1057 3411 1096 3474 II.
1122 3411 1179 3493 73,
1211 3412 1269 3474 21ε

151 3514 217 3589 oiis'
256 3521 318 3589 elul
353 3515 444 3610 loyor
479 3522 599 3590 πολλοὶ
637 3519 680 3613 μή
738 3513 803 3591 οὐδ’
825 3527 880 3590 ‘lvo
903 3519 961 3612 τήν
980 3515 1083 3600 Ἴλιος
1099 3512 1269 3606 ἀδολεσχῶ.

150 3637 359 3724 βουλομένοις
380 3632 486 3727 μάτήν
502 3628 684 3723 ἀδολεσχεῖν

150 3779 180 3820 κ.
203 3779 232 3820 τ.
256 3756 285 3821 λ.

242 3871 331 3950 Quae
363 3891 434 3938 oum
462 3873 508 3937 ila
539 3873 617 3957 sint,
653 3872 901 3939 Demosthenem
933 3873 964 3938 iu
997 3872 1057 3938 hac
1082 3871 1269 3938 collectione

151 3987 255 4070 magis
280 3987 505 4072 conquirendis
531 3989 608 4054 locis
638 3988 855 4055 communibus
884 4009 979 4073 quarn
1003 3988 1096 4054 iustis
1121 3999 1153 4054 el
1177 3989 1267 4053 aliso-

151 4104 226 4168 lutis
250 4104 421 4188 prooemiis
446 4103 608 4172 studuisse
633 4103 851 4172 concedemus.

240 4221 312 4286 lam
337 4220 423 4304 quod
448 4221 543 4286 etlam
568 4242 608 4287 ex
632 4221 671 4288 iis
695 4221 877 4305 prooemiis,
903 4241 985 4303 quae
1009 4228 1116 4286 orator
1139 4220 1181 4284 ad
1205 4221 1267 4284 siu-

150 4336 244 4420 gulas
267 4337 429 4404 orationes
452 4337 540 4422 ipsas
565 4337 719 4421 exaravit,
745 4345 777 4404 et
800 4357 919 4422 parvae
943 4345 975 4403 et
999 4357 1136 4461 magnpe
1161 4345 1268 4420 parles
