3102 4912
748 551 769 617 5

200 767 308 849 plures
325 785 442 850 earum,
461 774 495 832 nt
511 766 595 832 infra
611 766 909 850 demonstrabimus,
934 767 967 831 in
985 754 1174 856 ἀναγραφήν
1192 769 1317 835 Calli-

200 881 334 947 moohi
358 889 465 949 essent
481 890 638 967 receptae.
655 951 660 958 ,
678 882 741 948 Sed
759 904 862 967 neque
883 905 904 949 a
926 883 1113 968 Dionysio
1135 884 1317 952 Halioar-

200 1018 365 1084 nauseo,
397 997 452 1082 qui
477 994 600 1064 πίνακα
627 999 713 1065 illius
742 1000 812 1066 sine
836 999 934 1065 dubio
962 1007 1095 1066 noverat
1119 1007 1150 1066 et
1173 1001 1319 1085 publicas

200 1113 361 1180 orationes
385 1114 610 1182 Demosthenis
642 1136 751 1182 omnes
781 1115 923 1182 nominat
954 1137 1015 1182 non
1045 1117 1145 1182 solnm
1176 1136 1259 1200 quae
1288 1117 1318 1183 ei

198 1232 359 1315 genuinae
388 1251 459 1298 esse
488 1230 637 1297 videntur
669 1235 731 1317 (ep.
757 1231 798 1296 ad
822 1232 923 1298 Amm.
949 1232 998 1318 1)·‚
1028 1231 1086 1299 sed
1114 1232 1211 1298 etiem
1235 1253 1318 1318 quae

199 1347 427 1432 suppositieiae
445 1346 500 1435 (de
516 1348 634 1433 Dem.),
652 1368 755 1432 neque
772 1369 793 1412 a
809 1368 968 1431 quoquam
985 1348 1049 1414 alio
1067 1348 1246 1415 criticorum
1263 1371 1313 1416 ve·

198 1471 301 1530 terum
325 1463 361 1529 fit
385 1463 502 1531 mentio
520 1464 614 1530 ullius
633 1464 786 1530 orationis
802 1464 1027 1532 Demosthenis
1050 1464 1208 1551 publicae,
1234 1486 1318 1554 quae

199 1579 291 1645 nohis
307 1600 370 1645 non
386 1579 429 1646 sit
444 1578 571 1665 tradita,
589 1580 733 1665 exeeptis
750 1600 906 1645 summum
923 1588 1074 1664 quattuor
1086 1584 1122 1666 ¹),
1144 1581 1316 1665 exquibus

199 1695 284 1761 haud
307 1695 374 1762 seio
398 1716 439 1761 an
463 1696 542 1762 nihil
565 1695 677 1762 horum
701 1697 934 1781 prooemiorum
958 1697 1001 1763 sit
1024 1697 1227 1782 exsoriptum.

287 1813 400 1895 Neque
424 1820 474 1879 est
496 1811 716 1897 dubitandum,
742 1813 828 1897 quin,
853 1814 881 1879 si
905 1813 986 1879 haee
1008 1812 1172 1898 prooemia
1188 1833 1229 1878 ex
1245 1834 1315 1878 orn-

198 1927 338 1995 tionihus
362 1928 588 1996 Demosthenis
612 1935 740 2014 sumpta
763 1936 887 2014 essent,
907 1905 945 1994 id
968 1928 1055 2013 quod
1078 1929 1141 1994 iam
1165 1928 1316 1996 Uhlius

197 2044 251 2126 (de
267 2044 501 2128 prooemiorum
519 2045 715 2112 collectionis
732 2066 815 2128 quae
833 2045 1057 2112 Demosthenis
1073 2044 1200 2111 nomine
1217 2046 1317 2111 fertur

197 2160 330 2244 origine,
357 2162 478 2245 Progr,
505 2160 670 2228 Chemnitz
690 2163 784 2246 1885,
809 2183 839 2246 p.
857 2160 1317 2248 29)Blassiun1(dttisohe

197 2276 458 2362 Beredsamkeit,
497 2278 554 2344 Ill.
590 2277 663 2344 Aht.
699 2279 722 2344 l.
756 2277 875 2343 Absoh.
911 2298 940 2362 p.
973 2279 1037 2344 283
1073 2279 1155 2364 sqq.)
1187 2282 1316 2344 seoutus

197 2392 374 2460 rectissime
392 2393 551 2478 coguovit,
577 2413 646 2460 eum
664 2393 828 2478 prooemia
852 2393 986 2460 aliarum
1009 2393 1188 2459 orationum
1208 2394 1315 2477 splen·

197 2509 345 2576 didarum
368 2518 464 2593 utque
488 2510 647 2595 gravium,
678 2519 744 2577 tum
768 2509 906 2577 maxime
930 2510 1124 2595 prooemium
1150 2518 1315 2594 praestan-

196 2624 342 2692 tissimae
366 2625 514 2711 omnium,
540 2625 696 2714 mopinot
719 2618 890 2714 στεφάνου,
914 2632 1000 2693 esset
1024 2625 1225 2709 exquisitum.

286 2740 352 2808 Sed
376 2743 411 2807 F.
436 2742 619 2810 llankius
643 2763 769 2828 quoqne
794 2742 983 2829 (Demosth,
1008 2741 1144 2827 linoykl.
1165 2763 1193 2808 v.
1215 2741 1315 2808 Ersoh

197 2878 225 2924 u.
251 2858 386 2942 (imber,
410 2859 446 2923 B.
462 2858 570 2924 XXlV
586 2879 617 2943 p.
638 2861 714 2944 117)
737 2859 818 2925 haee
841 2859 1004 2943 prooemia
1028 2879 1068 2925 ex
1089 2857 1315 2924 Demosthenis

197 2974 393 3041 orationihus
417 2975 578 3060 exscripta
607 2995 679 3041 esse
710 2982 822 3059 negat,
853 2995 923 3041 oum
947 2974 1092 3059 intellegi
1112 2995 1179 3040 uon
1202 2974 1314 3059 possit,

196 3111 252 3157 our
274 3111 312 3158 ea
336 3099 467 3175 mutata,
492 3112 554 3157 non
578 3089 776 3157 adverbum
800 3091 864 3157 sint
888 3091 1058 3175 descripta.

285 3208 333 3274 Ao
348 3207 405 3291 qui
420 3207 466 3288 fit,
491 3217 525 3273 ut
540 3229 581 3275 ex
597 3214 644 3274 tot
660 3215 692 3273 et
708 3216 772 3274 tam
793 3206 972 3292 splendidis
996 3206 1131 3274 eliorum
1155 3213 1315 3272 oratorum

198 3322 409 3409 contionibus,
434 3343 517 3408 quae
534 3322 629 3390 hodie
646 3330 784 3408 exstant,
801 3344 841 3389 ne
861 3343 957 3388 unum
974 3321 1101 3406 quidem
1117 3320 1314 3408 prooemium

195 3438 237 3505 sit
260 3440 446 3524 sumptum?
493 3441 536 3506 At
560 3440 635 3506 illae
658 3439 782 3506 scilieet
798 3440 969 3523 orationes,
994 3439 1165 3523 exquibus
1186 3434 1315 3504 oonoisa

195 3561 269 3621 sunt
295 3554 374 3622 haee
397 3556 571 3641 prooemia,
595 3564 669 3622 sunl
692 3554 889 3641 deperditae.
936 3555 1113 3622 Permirum
1136 3574 1211 3620 vero
1235 3551 1315 3618 illud

196 3671 287 3737 nohis
311 3690 383 3738 esse
406 3671 542 3738 videtur.

285 3851 310 3920 1)
336 3853 400 3920 Περὶ
419 3848 468 3900 τοῦ
487 3843 524 3916 μὴ
544 3844 673 3900 ἐκδοῦναι
686 3844 825 3920 Ἅρπαλον
844 3878 877 3890 -·
896 3847 976 3916 ‘unio
996 3847 1054 3900 τῶν
1071 3840 1195 3918 ῥητόρων
1214 3876 1248 3886 -
1268 3842 1315 3896 Διὲ

195 3934 265 4007 pltp
283 3931 463 4009 dqpqyoptuds
482 3936 607 3988 αἰτοῦντι
626 3931 729 4008 δωρεάς
748 3969 780 3977 -
796 3934 943 4008 Ἀπολογία
960 3931 1066 4007 δώρων,
1088 3953 1154 4006 quus
1172 3937 1313 4002 orationes,

195 4027 217 4081 si
230 4029 381 4088 exstabant,
396 4045 428 4081 ex
442 4026 529 4080 verbis
538 4027 660 4096 Dionysii
672 4027 700 4080 in
714 4044 755 4097 ep.
767 4027 808 4082 ad.
819 4027 907 4080 dmm.
921 4027 942 4092 1,
960 4031 1003 4080 12:
1024 4019 1126 4079 πάντες
1145 4023 1171 4076 οἱ
1189 4019 1315 4092 δημόσιοι

195 4109 272 4188 ddyor
362 4109 415 4188 πρὸ
435 4115 485 4166 τοῦ
505 4111 624 4183 ποὶἐμου
643 4108 802 4188 γεγόνασιν,
823 4114 859 4170 ὡς
878 4109 1015 4186 πρότερον
1034 4110 1159 4172 ἐπέδειξα
1178 4115 1245 4184 (scil,
1260 4121 1313 4169 ol

194 4211 223 4261 ot
244 4207 299 4275 10),
324 4199 395 4270 πλὴν
414 4198 476 4258 s'vds
495 4203 544 4255 τοῦ
564 4209 627 4275 περὶ
645 4203 695 4256 τοῦ
714 4199 867 4274 στεφάνου,
891 4205 963 4274 quod
986 4204 1043 4258 sinu
1066 4204 1122 4258 ulla
1145 4204 1313 4259 dubitatione

195 4300 256 4365 post
273 4311 393 4366 pugnum
412 4294 518 4348 demum
537 4294 608 4364 opud
627 4294 806 4349 Chaeroneam
824 4294 987 4364 compositae
1006 4295 1082 4358 sunt,
1107 4293 1212 4363 spurias
1230 4292 1312 4347 fuisso

194 4388 313 4456 apparet.
