3102 4912
820 527 863 590 38

762 619 921 626 *αφ-.-

371 738 494 818 Quihus
516 738 612 805 rebus
636 738 678 804 ad
702 739 797 804 finem
821 739 884 804 iarn
907 738 1070 823 perductis
1094 744 1208 822 restet,
1241 746 1276 804 ut
1303 738 1405 806 etiam

281 855 405 940 stilum,
437 877 500 938 quo
536 855 616 921 haec
648 856 811 939 prooemia
842 855 963 940 scripta
995 863 1084 939 sunt,
1120 854 1406 921 Demosthenicum

282 992 353 1038 esse
377 971 592 1038 ostendamus.
639 970 841 1053 Quamquam
864 971 1012 1036 Uhlius
1035 971 1160 1055 libello,
1184 991 1279 1053 quem
1303 992 1406 1056 supra

281 1087 499 1172 laudavimus,
524 1087 607 1153 hanc
631 1095 755 1171 partem
779 1085 977 1170 quaestionis
1001 1094 1067 1152 tam
1091 1087 1263 1170 diligenter
1286 1107 1325 1154 ac
1348 1109 1403 1154 co-

282 1203 374 1288 piose
406 1203 569 1286 tractavit,
603 1211 638 1268 ut
669 1203 803 1268 eandem
833 1223 898 1268 rem
930 1203 961 1266 in
995 1202 1259 1287 disceptationem
1284 1223 1405 1270 vocare

282 1339 557 1404 supervacaneum
580 1339 650 1385 esse
674 1318 751 1383 mihi
774 1318 930 1384 videatur.
977 1318 1040 1398 Qui
1063 1318 1096 1383 in
1121 1319 1309 1384 collectione
1329 1341 1404 1404 pro-

283 1434 457 1501 oemiorum
481 1456 544 1500 non
569 1435 672 1500 solum
696 1435 882 1518 locutiones,
907 1436 1016 1519 verbe,
1041 1441 1216 1502 structuras
1233 1436 1405 1502 verborum

283 1572 303 1616 a
326 1550 553 1617 Demosthenis
576 1550 701 1616 ratione
725 1560 822 1633 atque
853 1549 1083 1616 consuetudine
1107 1541 1240 1617 dicendi
1259 1573 1321 1618 non
1346 1553 1404 1616 ab·

283 1667 429 1750 horrere,
460 1666 518 1732 sed
549 1666 645 1732 etiam
677 1673 824 1731 ornatum
855 1673 888 1732 et
921 1665 1181 1751 compositionem
1213 1688 1283 1734 cum
1315 1668 1405 1734 illius

284 1782 482 1849 orationibus
507 1782 586 1848 satis
610 1803 786 1865 congruere
810 1783 881 1848 i'use
905 1783 1032 1866 lateque
1056 1783 1237 1867 explicavit.

374 1898 440 1982 Sed
462 1897 549 1982 quod
572 1898 604 1964 in
629 1897 679 1964 his
704 1897 875 1982 prooemiis
900 1899 1077 1983 complures
1101 1898 1163 1965 loci
1186 1907 1270 1983 sunt,
1294 1901 1405 1982 quiin

284 2015 356 2081 aliis
388 2014 587 2081 orationihus
613 2013 838 2080 Demosthenis
868 2035 931 2080 non
963 2014 1181 2099 reperiuntur,
1212 2014 1288 2082 inde
1317 2015 1406 2082 effici

285 2152 348 2197 non
372 2138 488 2214 potest,
513 2138 548 2196 ut
571 2131 627 2195 illa
650 2130 823 2214 prooemia,
847 2131 878 2195 in
904 2130 1018 2213 quibus
1042 2131 1076 2195 hi
1099 2131 1161 2197 loci
1178 2139 1315 2214 exstant,
1340 2133 1406 2198 sint

285 2255 452 2331 suspecta,
484 2245 546 2312 nisi
576 2248 656 2312 torte
681 2246 928 2312 Demosthenem
961 2247 1086 2330 copiam
1117 2267 1207 2312 suam
1235 2247 1406 2314 verborum

285 2370 386 2429 totam
409 2363 442 2427 in
467 2363 627 2429 orationes
652 2362 832 2428 excussisse
855 2383 1030 2428 censemus.

326 2792 328 2798 Α
358 2699 434 2776 ¹His
462 2709 557 2776 dictis
580 2711 668 2775 illam
697 2711 916 2777 collectionem
945 2732 1007 2776 non
1029 2711 1230 2795 exscriptam
1260 2733 1300 2778 ex
1330 2733 1403 2777 oon-

285 2826 425 2892 tionibus
454 2847 558 2911 neque
588 2827 813 2893 Demosthenis
845 2847 950 2910 neque
981 2828 1115 2894 aliorum
1146 2835 1321 2908 oratorum,
1347 2828 1405 2894 sed

286 2944 327 3008 eb
351 2943 406 3009 illo
430 2943 516 3028 ipso,
549 2943 735 3027 priusquam
766 2943 808 3008 ad
841 2943 1069 3027 rempublicam
1094 2943 1273 3027 accederet,
1304 2952 1339 3010 ut
1368 2965 1407 3010 ea

286 3065 427 3125 uteretur
450 3081 513 3125 non
537 3058 632 3125 modo
656 3059 688 3124 in
712 3059 898 3143 prooemiis,
928 3058 986 3124 sed
1017 3059 1114 3126 etiam
1137 3059 1169 3124 in
1193 3061 1307 3126 ceteris
1332 3082 1404 3145 par-

287 3175 373 3240 tibus
390 3175 553 3259 orationis,
577 3175 610 3239 in
626 3176 817 3241 tractatione
842 3184 874 3241 et
891 3175 1029 3260 epilogo,
1055 3169 1263 3260 compositam
1284 3185 1407 3261 etpost

288 3291 356 3357 eius
373 3297 505 3356 mortem
522 3299 649 3357 auctam
665 3292 729 3356 illis
748 3300 880 3377 septem,
906 3311 989 3374 quae
1013 3291 1055 3356 ad
1077 3292 1220 3376 singulas
1244 3293 1407 3360 orationes

288 3407 469 3490 conscripta
498 3413 604 3491 erant,
637 3428 656 3470 a
686 3407 853 3492 discipulis
886 3407 954 3474 cius
985 3409 1036 3472 vel
1067 3407 1255 3492 propinquis
1286 3409 1407 3475 editam

288 3543 360 3589 esse
384 3523 463 3589 satis
487 3522 837 3590 demonstrassenobis
860 3523 1013 3589 videmur.
1313 3508 1315 3510 ¹
