3102 4912
257 1349 493 1476 Appenuioem
525 1390 619 1457 huius
651 1391 850 1474 quaestionis
882 1391 923 1456 ad
956 1389 1084 1474 singulo
1114 1390 1288 1476 prooemia,

168 1529 303 1591 quorum
320 1515 441 1574 textum
459 1507 693 1592 desumpsimus
718 1529 759 1574 ex
783 1506 924 1574 editione
948 1506 1173 1593 Dindorfii‚'
1189 1527 1287 1573 anno-

168 1623 305 1690 tationes
329 1623 458 1689 oritioas
482 1631 515 1689 ot
538 1625 723 1707 exegeticus
747 1623 832 1688 inita
855 1623 1035 1690 offeremus.

512 1802 870 1884 Prooemium
901 1804 944 1884 Ι.

258 1961 387 2026 Initium
419 1959 511 2026 huius
541 1960 697 2044 prooemii
733 1981 833 2044 usque
867 1961 910 2026 ad
943 1963 1045 2046 1418,
1080 1962 1139 2027 23:
1174 1955 1285 2048 ἐπειδὴ

167 2075 196 2142 δ’
213 2066 256 2154 ὡς
278 2069 420 2155 ἅπαντες
443 2067 530 2163 ὁρᾶτ’
556 2076 655 2142 etiioit
671 2077 867 2161 prooemium
886 2077 1041 2144 orationis
1057 2076 1137 2144 Phil.
1152 2079 1175 2162 1,
1201 2077 1287 2161 quod

166 2192 335 2276 usquead
361 2196 456 2270 1418,
482 2187 540 2260 19‘:
573 2186 685 2280 ἐπειδη
712 2191 747 2257 δὲ
771 2191 845 2278 περὶ
869 2180 912 2258 ὧν
936 2193 978 2259 ad
1001 2195 1133 2260 verbum
1155 2215 1199 2260 ex
1223 2195 1285 2260 ool-

167 2309 305 2375 lectione
329 2317 490 2393 sumptum
513 2316 571 2392 est,
597 2307 657 2374 nisi
683 2308 767 2391 quod
790 2309 873 2374 inter
895 2293 959 2372 τῶν
983 2307 1147 2396 ῥηθέντων
1171 2309 1202 2373 in
1226 2308 1288 2374 hoo

166 2414 232 2490 ’ὑπὸ
260 2416 384 2490 τούτων
416 2433 465 2490 est
497 2425 644 2509 positum.
700 2424 779 2490 Indo
811 2431 918 2490 orator
947 2424 1123 2508 compluria
1152 2424 1287 2490 mutavit

167 2542 268 2608 verba
291 2541 363 2608 aliis
371 2591 379 2626 ‚
404 2541 556 2623 quasilii
580 2541 622 2606 ad
646 2539 843 2625 prooemium
867 2539 960 2606 huius
984 2540 1138 2606 orationis
1161 2539 1288 2625 aptiora

167 2677 239 2723 esse
255 2657 463 2741 videbantur3
489 2677 563 2722 nam
578 2678 635 2741 pro
660 2655 735 2743 περὶ
757 2647 882 2721 τούτων
898 2655 966 2722 νυνὶ
981 2661 1135 2722 σκοπεῖτε
1158 2655 1287 2741 scripsit

167 2768 336 2858 συμβαίνει
360 2771 414 2838 καὶ
438 2771 506 2838 νυνὶ
529 2777 665 2838 σκοπεῖν
688 2779 721 2838 ut
736 2794 793 2857 pro
813 2766 895 2856 μετὰ
910 2763 1044 2852 τούτους
1063 2774 1169 2839 δοκεῖν
1184 2770 1287 2859 λέγειν

167 2889 303 2973 legimus
326 2880 513 2976 συγγνώμης
536 2881 688 2971 ταχύνειν.
736 2891 906 2955 Praetereo
929 2890 960 2954 in
984 2891 1071 2956 looo:
1099 2886 1128 2955 εἰ
1150 2887 1209 2973 μὲν
1232 2876 1287 2954 οὗν

167 2997 230 3086 εἶχε
252 3005 358 3082 καλῶς
381 2998 422 3070 τὰ
439 2997 628 3093 πράγματα,
654 2992 745 3070 ούδὲν
767 2995 806 3069 iio
828 3000 893 3070 ἔδει
914 2995 1141 3090 συμβουλεύειν
1164 3005 1285 3089 posuit:

166 3117 195 3186 εἰ
219 3114 278 3206 γὰρ
301 3118 337 3188 ἐκ
359 3123 418 3186 τοῦ
442 3112 709 3208 παρεληλυθότος
731 3112 843 3207 χρόνον
867 3114 908 3184 τὰ
932 3118 1047 3186 δέοντα
1078 3106 1168 3186 οὗτοι
1196 3140 1286 3186 συνε-

166 3226 353 3321 βούλευσαν,
379 3223 470 3302 οὐδὲν
494 3227 533 3301 tv
556 3227 637 3319 ὑμᾶς
661 3237 714 3301 νῦν
738 3231 801 3301 ἔδει
824 3227 1046 3321 βουλεύεσθαι.
1073 3275 1114 3283 -

258 3355 353 3436 1418,
381 3351 433 3439 17]
457 3354 520 3417 τῶν
544 3342 712 3417 εἰωθότων
738 3389 778 3398 ——
802 3340 870 3417 soil.
895 3341 1020 3440 γνώμην
1036 3339 1286 3440 ἀποφήνασθαι.

102 3481 107 3490 ·
167 3468 378 3534 Reiskius.

258 3585 353 3664 1418,
371 3583 424 3670 22]
446 3576 529 3667 μετὰ
544 3575 679 3662 τούτους
703 3622 744 3631 -
768 3583 937 3650 Reiskio
961 3583 1036 3649 olim
1053 3577 1137 3649 κατὰ
1151 3575 1286 3662 τούτους

167 3699 267 3766 fuisse
285 3698 422 3783 videtur,
448 3699 534 3783 quod
550 3700 697 3782 equidem
714 3721 806 3784 nego.
854 3699 932 3765 Mihi
952 3694 1033 3782 μετὰ
1049 3690 1182 3777 τούτους
1198 3709 1285 3767 motu

166 3836 202 3882 se
226 3815 344 3882 habere
360 3808 496 3901 uidetur,
521 3823 557 3881 ut
573 3815 625 3881 hio
640 3817 727 3882 loous
746 3815 1006 3900 interpretandus
1030 3815 1072 3882 sit
1095 3825 1192 3900 post
1216 3815 1284 3902 hos,

166 3952 229 3997 non
253 3930 461 3998 secundum
478 3931 546 4017 hos,
571 3939 605 3997 ut
627 3932 796 3998 Wolfius
821 3931 993 3998 contendit.
1040 3931 1162 4010 Quibus
1179 3931 1285 3998 verbis

166 4048 246 4114 haee
269 4047 430 4114 sententia
452 4055 501 4114 ost
531 4047 732 4114 subicienda:
767 4046 941 4132 Quoniam,
975 4048 1089 4131 quibus
1117 4045 1158 4113 do
1189 4048 1284 4116 robus

164 4163 229 4229 iam
253 4171 350 4230 antea
373 4163 406 4228 hi
430 4171 573 4231 oratores
603 4184 700 4248 saepe
728 4163 828 4229 verba
858 4164 1017 4249 iecerunt,
1048 4163 1089 4229 do
1120 4162 1170 4230 his
1201 4184 1286 4230 nono

165 4279 366 4363 consultatis,
391 4288 464 4364 post
479 4279 538 4346 hos
555 4301 605 4346 me
621 4271 796 4345 ouationem
814 4279 933 4346 habore
957 4299 1094 4364 aequum
1118 4299 1189 4346 osse
1206 4277 1284 4345 mihi

162 4394 309 4481 videtur,
340 4395 467 4462 etiamsi
498 4394 618 4480 primus
648 4394 730 4483 (soil.
755 4395 875 4481 exiis,
908 4395 962 4479 qui
987 4396 1027 4462 de
1050 4395 1165 4462 iisdem
1189 4396 1283 4463 robus
