3102 4912
188 716 286 782 habet
316 718 436 783 celeres
467 717 659 783 mutationes
693 727 724 784 et
755 719 910 785 ambobus
942 719 1022 804 (soil.
1047 727 1079 785 et
1103 719 1251 784 felicibus
1275 727 1308 786 et

187 832 384 916 infelicibus)
415 833 623 899 communiter
651 833 761 919 adest,
793 843 826 900 ut
856 834 950 900 modo
982 836 1100 901 alteros
1124 835 1307 918 labefactet,

188 948 283 1014 modo
307 949 425 1014 alteros
450 948 560 1032 erigat.
587 988 627 996 —
1118 951 1121 956 ’

280 1076 373 1157 1448,
399 1071 429 1160 8]
460 1063 520 1138 κᾶν
543 1075 639 1139 τοῦτο
664 1068 746 1160 πρὸς
770 1063 856 1143 ὑμῶν
879 1065 941 1162 ἤδη
965 1071 1109 1160 γίγνοιτο
1141 1111 1179 1122 -
1211 1074 1308 1140 etiam

189 1186 249 1254 hoe
272 1209 291 1252 a
314 1187 406 1254 vobis
430 1190 534 1274 lilerit,
558 1188 591 1253 id
616 1199 674 1274 est,
700 1191 856 1274 profuerit
878 1190 978 1257 vobis.
1026 1190 1214 1280 Wolt'ius.
1239 1229 1279 1236 -

500 1368 858 1451 Prooemium
887 1371 996 1451 XL.

279 1529 373 1609 1448,
407 1525 453 1613 10]
478 1525 552 1613 περὶ
572 1513 609 1614 ἧς
627 1521 722 1592 οἴσοε
740 1519 867 1604 πόλεως
895 1565 933 1573 —-
960 1525 1002 1591 ad
1022 1517 1148 1604 πόλεως
1168 1525 1307 1590 subaudi

188 1638 398 1724 σομμαχίδοςε
431 1663 494 1707 non
523 1642 618 1709 modo
650 1642 690 1708 de
721 1665 759 1708 ea
783 1643 912 1708 civitate
942 1644 1030 1708 socia
1054 1641 1130 1706 mihi
1154 1640 1306 1707 videmini

188 1757 376 1842 deliberare,
401 1758 441 1824 de
466 1779 528 1840 qua
552 1760 682 1843 putatis,
708 1759 766 1824 sed
790 1759 830 1823 de
855 1759 1009 1823 omnibus.
1036 1796 1076 1804 —

280 1886 378 1968 1448,
412 1881 464 1970 23]
500 1878 575 1960 τοὺς
606 1873 710 1948 αὑτῶν
734 1875 874 1960 κόλακας
907 1922 946 1930 -
979 1873 1084 1947 αὑτῶν
1111 1881 1306 1948 constructio

187 1992 270 2062 κατὰ
294 1989 427 2063 σύνεσιν.
452 2037 493 2046 —-

278 2126 379 2205 1448,
411 2121 467 2210 25]
504 2113 569 2187 oie'
593 2109 787 2208 ἀναγκαίους
810 2123 935 2206 μᾶλλον
963 2116 1099 2208 ἐχθροὺς
1122 2111 1162 2186 liv
1183 2113 1306 2187 τούτων

187 2231 309 2324 εὕροιτε
326 2277 366 2284 -
384 2230 507 2303 τούτων
522 2239 590 2304 scil.
608 2233 683 2315 τοὺς
699 2231 841 2317 κόλακας
857 2247 889 2304 et
905 2239 1029 2321 μᾶλλον
1050 2237 1306 2322 coniungendam

187 2363 236 2420 est
261 2375 330 2420 oum
355 2340 565 2440 ἂναγκαίονςε
593 2375 695 2437 neque
719 2355 802 2420 enim
820 2354 1013 2420 inimiciores
1029 2375 1133 2436 neque
1149 2374 1229 2437 quos
1245 2353 1304 2418 ini-

189 2470 287 2536 mieos
310 2477 434 2536 vestros
449 2491 529 2566 ¹esse
555 2471 658 2555 magis
682 2492 813 2538 neeesse
837 2471 879 2536 sit
903 2471 952 2537 his
977 2470 1153 2554 reperietis.
1182 2508 1217 2516 -

482 2651 839 2733 Prooemium
868 2652 1010 2732 XLI.

279 2811 372 2893 1440,
397 2811 416 2876 9
466 2807 517 2895 11]
543 2809 581 2874 oi.
606 2830 650 2874 or.
675 2808 805 2893 Olynth.
829 2809 885 2874 Ill.
910 2810 962 2892 30,
988 2811 1007 2872 9
1032 2828 1101 2890 sqq.
1127 2846 1167 2853 —

279 2929 372 3009 1440,
399 2922 540 3012 14-16]
566 2925 604 2991 ef.
629 2946 672 2990 ον.
697 2924 737 2989 de
762 2924 869 2990 Chers.
898 2927 970 3008 109,
998 2927 1037 2987 12
1061 2944 1131 3008 sqq.
1156 2962 1197 2970 —-

278 3045 372 3126 1449,
398 3039 605 3128 26-28]ο1’.
631 3062 674 3106 or.
699 3040 829 3126 Olynth.
855 3042 877 3106 l.
904 3032 954 3124 12,
978 3042 1000 3105 5
1023 3060 1092 3123 sqq.
1120 3076 1160 3086 -

279 3160 372 3241 1450,
398 3154 498 3243 4-5]
525 3159 564 3223 et'.
589 3176 633 3222 or.
660 3155 737 3221 Phil.
763 3156 816 3221 lV.
843 3159 916 3240 141,
942 3158 961 3221 3
985 3175 1054 3238 sqq.
1081 3193 1121 3201 -

464 3334 823 3417 Prooemium
851 3335 1027 3415 XLII.

278 3496 372 3578 1450,
397 3491 519 3580 9-11]
545 3495 583 3560 et'.
608 3492 756 3559 01·.Pl1il.
781 3493 836 3560 III.
864 3494 935 3576 125,
959 3496 980 3559 2
1003 3512 1072 3576 sqq.
1098 3530 1139 3539 -

278 3621 376 3703 1450,
409 3617 462 3703 20]
497 3605 566 3681 ἀλλ’
596 3604 617 3681 ἃ
648 3610 723 3694 σοὺς
754 3613 823 3703 ἰδίᾳ
855 3612 1084 3702 περιμένοντας
1115 3603 1305 3702 ἀβελτέρους

187 3731 329 3818 νομίζετε
359 3771 399 3780 -
431 3723 594 3817 llpendet
623 3753 643 3798 a
674 3729 921 3818 περιμένονταςε
956 3731 1012 3797 sed
1043 3751 1125 3813 quae
1156 3731 1304 3815 privatim

185 3857 409 3936 exspectantes
433 3851 547 3916 stultos
571 3849 700 3933 putatis.
726 3887 766 3894 --

277 3971 371 4051 1450,
397 3965 451 4055 22]
477 3955 642 4041 παθόντες
666 3961 848 4030 αἰσθέσθαι
873 4000 912 4009 --
938 3961 1075 4029 subaudi
1099 3953 1189 4027 ὥστε.
1215 4000 1255 4009 -

445 4143 803 4227 Prooemium
831 4144 1040 4224 XLIII.

278 4307 372 4390 1450,
397 4303 452 4393 28]
482 4297 556 4381 τοὺς
579 4301 615 4367 δέ
639 4299 778 4390 πλησίον
801 4292 897 4378 ἶν’ντας
920 4291 1158 4388 ἁμαρτημάτων
1186 4336 1223 4346 -
1248 4319 1304 4365 eos
