3102 4912
272 777 363 856 1427,
387 776 418 862 2]
443 775 493 865 ἐφ’
511 766 560 854 οἷς
575 766 665 860 «ὑμεῖς
681 775 753 841 ἐστὲ
780 817 818 824 —
843 784 973 862 propter
990 797 1069 859 quas
1094 775 1177 863 (soil.
1196 777 1298 862 leges)

176 913 234 959 vos
258 893 344 976 estis,
369 891 402 956 id
426 900 484 976 est,
510 913 590 975 quas
614 892 655 957 ad
680 892 831 959 tutandas
855 913 913 958 vos
938 892 1100 976 designati
1121 893 1207 958 estis.
1234 932 1274 940 -—

269 1020 362 1101 1427,
389 1016 419 1102 2]
452 1019 516 1081 τῶν
540 1009 646 1099 νόμιον
772 1005 921 1103 ιλξιόχρεῴ
953 1014 1012 1082 εἰσι
1047 1015 1299 1106 διαφθαρέντων

177 1130 269 1220 δίναν
285 1133 395 1197 δοῦναι
409 1171 450 1180 -
466 1134 572 1216 legum
589 1133 786 1198 sublatarum
803 1133 913 1218 poenis
931 1133 1046 1198 dandis
1064 1131 1236 1198 sullieiunt.
1262 1171 1297 1179 --

464 1328 821 1411 Ρνοοοιιιίιιοιτ
850 1332 1014 1413 XIII.

269 1491 362 1573 1427,
387 1489 419 1576 5]
451 1483 482 1554 εἴ
501 1513 552 1566 τις
576 1479 620 1554 riis
644 1481 775 1577 ἰδιώτης
804 1489 857 1555 καί
886 1493 951 1556 τιῦν
981 1491 1113 1556 πολλῶν
1140 1481 1228 1573 ’ὑμῶν
1251 1483 1297 1568 εἷς

176 1656 272 1670 .....
297 1599 384 1670 είιτοι
411 1645 451 1653 -
476 1605 503 1670 si
527 1607 608 1690 quis,
634 1606 688 1689 qui
705 1606 848 1690 privatus
873 1616 905 1672 et
924 1627 1005 1672 unus
1030 1628 1069 1673 ex
1093 1608 1296 1674 multitudine

174 1729 284 1786 vestra
308 1729 366 1804 est,
393 1772 502 1790 ......
527 1721 652 1788 dixerit.
678 1760 720 1768 -·

272 1847 366 1931 1427,
395 1846 445 1932 15]
470 1839 579 1932 ιῧοιτερ
603 1843 770 1932 ἔτιγένους
797 1885 838 1894 -
868 1854 1028 1931 tamquam
1053 1868 1070 1912 e
1099 1847 1222 1914 familia
1245 1850 1296 1915 vel

173 1982 301 2046 genere,
327 1961 386 2027 hoo
409 1973 467 2047 est,
493 1962 729 2028 hereditarium.
777 1963 880 2028 Wolf
887 1963 958 2029 ius.
978 2002 1017 2010 -

471 2161 829 2243 Ρνοοοιιτίτιοιι
858 2164 998 2244 XIV.

264 2327 341 2394 Post
363 2325 541 2416 βουλοίμην
565 2329 597 2392 in
624 2328 733 2394 eodioe
751 2329 906 2396 Bavarioo
930 2337 962 2394 et
978 2329 1097 2395 Aldina
1119 2327 1228 2396 τοίνυν
1245 2340 1295 2398 est

172 2443 332 2527 additum,
370 2453 405 2510 nt
440 2445 500 2510 hoe
540 2445 735 2528 prooemium
775 2465 844 2510 eum
881 2445 1045 2530 superiore
1078 2455 1292 2518 eonneetatur.

172 2561 271 2626 Reate
287 2561 415 2645 plurimi
432 2554 588 2626 vocabulo
605 2557 712 2625 τοίνυν
730 2561 847 2626 omisso
864 2561 938 2627 inde
956 2583 1071 2627 novum
1097 2564 1292 2646 prooemium

171 2684 247 2741 sunt
270 2679 341 2742 orsi.
371 2717 405 2724 --

268 2813 360 2895 1427,
382 2809 434 2896 267
458 2804 500 2874 τὰ
516 2811 581 2875 τῶν
597 2776 704 2875 ι’ίλλιον
733 2849 770 2856 -
795 2810 827 2875 id
844 2799 901 2895 est,
919 2805 960 2876 τὰ
977 2814 1047 2889 τοῖς
1063 2801 1175 2890 taras
1191 2834 1293 2901 προσ-

169 2947 300 3012 ηκοντα.
326 2964 367 2972 —

173 3039 177 3046 ’
264 3061 358 3142 1427,
377 3058 430 3146 27]
455 3061 555 3124 ιτοιιῦν
573 3059 600 3124 rl'
615 3047 710 3136 αίτὸς
727 3054 862 3137 ἕκαστος
875 3046 930 3141 οὐχ
946 3055 1084 3147 αἱρεῖται
1098 3099 1138 3106 -
1152 3055 1288 3146 αἱρεῖται

170 3181 221 3239 est
246 3183 425 3258 corruptum
451 3196 508 3260 pro
523 3179 690 3262 χαριεῖται,
716 3175 800 3258 quod
823 3175 953 3240 verbum
979 3175 1010 3239 in
1035 3175 1179 3259 plurimis
1204 3176 1289 3242 eodi-

171 3291 261 3356 eibus
279 3298 400 3356 exstat:
425 3312 517 3357 nemo
534 3299 641 3358 autem
658 3292 727 3377 ipso
743 3291 866 3357 l'aoiens
889 3287 970 3378 (soil.
987 3287 1029 3356 τὰ
1046 3283 1174 3377 ὁεόντα)
1192 3293 1289 3376 grati-

170 3405 320 3471 ficabitur
343 3407 422 3490 (soil.
448 3407 593 3492 civitati).
638 3409 742 3489 Atque
766 3416 838 3492 post
862 3410 1018 3495 χαριεῖται
1043 3407 1169 3492 signum
1193 3409 1289 3475 inter·

170 3523 346 3606 rogationis
371 3531 420 3588 est
443 3523 633 3606 ponendum.
661 3562 699 3569 -

264 3659 356 3740 1428,
372 3655 401 3742 ll
424 3654 578 3738 ἐπιτιμᾶν
595 3707 689 3721 .....
707 3644 918 3742 εὐλαβεῖσθαι
936 3695 976 3704 -
992 3678 1048 3741 pro
1062 3656 1111 3721 his
1124 3656 1289 3722 infinitivis

169 3771 262 3838 nobis
286 3772 453 3837 Paulinam
486 3780 519 3838 et
547 3773 724 3856 marginem
749 3772 939 3862 Lutetianae
969 3772 1086 3838 secutis
1119 3772 1288 3856 legendum

169 3895 236 3954 est:
252 3886 389 3975 ἐπιτιμᾷ
405 3938 500 3952 .....
518 3875 711 3974 εὐλαβεῖται.
741 3888 863 3966 Quibus
877 3889 1066 3954 lectionibus
1083 3888 1145 3954 nisi
1162 3888 1287 3972 utimur,

169 4004 222 4070 hio
245 4005 331 4070 lorus
356 4011 405 4070 est
428 4004 595 4070 absurdus.
630 4043 660 4050 --

261 4140 354 4222 1428,
379 4137 411 4224 4]
434 4125 470 4214 ὃς
493 4131 568 4202 ε’ίοιο
592 4139 651 4224 τῆς
674 4134 835 4224 εἰρωνείας
859 4125 1009 4225 ἀφίξεται
1100 4136 1185 4221 quod
1206 4137 1289 4204 intra

166 4255 264 4318 istam
297 4251 583 4319 dissimulationem
615 4253 740 4338 veniat,
770 4253 803 4318 id
834 4261 897 4338 est,
930 4253 1128 4337 interpollet,
1160 4254 1287 4320 abicere

166 4378 272 4452 eogat.
318 4369 497 4436 Woll'ius.
