3102 4912
809 511 852 574 38

360 722 483 801 Quibus
506 722 601 789 rebus
625 723 666 788 ad
691 723 786 788 finem
810 723 873 788 iam
897 721 1059 806 perductis
1083 728 1198 806 restat,
1229 730 1265 789 ut
1292 722 1397 789 etiam

270 839 394 924 stilum,
426 860 489 922 quo
525 839 605 906 haec
636 840 800 923 prooemia
831 839 952 923 scripta
984 847 1073 924 sunt,
1109 838 1397 906 Demosthenicum

271 975 342 1020 esse
366 954 581 1021 ostendamus.
629 954 830 1037 Quamquam
853 955 1001 1021 Uhlius
1025 955 1149 1039 libello,
1173 975 1268 1038 quem
1292 976 1397 1041 supra

271 1070 488 1155 laudavimus,
513 1070 596 1138 hanc
620 1079 744 1155 partem
768 1071 966 1153 quaestionis
990 1079 1056 1137 tam
1080 1071 1252 1155 diligenter
1275 1091 1314 1138 ac
1337 1093 1393 1139 co·

272 1187 363 1272 piose
395 1186 558 1270 tractavit,
593 1195 627 1252 ut
658 1187 793 1252 eandem
822 1207 887 1251 rem
919 1187 950 1251 in
984 1186 1248 1272 disceptationem
1273 1208 1395 1254 vocare

272 1323 546 1387 supervacaneum
569 1323 639 1369 esse
663 1302 740 1366 mihi
763 1301 918 1368 videatur.
967 1302 1029 1380 Qui
1052 1303 1085 1368 in
1111 1303 1298 1369 collectione
1316 1325 1394 1388 pro-

273 1418 446 1484 oemiorum
471 1439 534 1484 non
558 1419 661 1484 selum
685 1419 871 1502 locutiones,
896 1421 1005 1504 verba,
1030 1426 1205 1485 structuras
1222 1421 1395 1486 verborum

272 1556 293 1599 a
315 1534 542 1600 Demosthenis
566 1534 690 1600 ratione
715 1542 811 1617 atque
842 1535 1072 1600 consuetudine
1096 1525 1229 1601 dicendi
1248 1556 1310 1601 non
1334 1537 1394 1602 ab·

273 1650 418 1734 horrere,
449 1649 507 1716 sed
538 1651 634 1716 etiam
666 1658 813 1716 ornatum
845 1657 877 1716 et
909 1651 1171 1736 compositionem
1202 1673 1272 1718 oum
1304 1652 1396 1718 illius

274 1765 471 1832 orationibus
496 1766 575 1832 satis
600 1786 775 1850 congruere
799 1767 870 1831 fuse
894 1767 1021 1850 lateque
1046 1768 1226 1852 explicavit.

363 1882 428 1966 Sed
452 1881 538 1965 quod
561 1882 593 1947 in
619 1882 668 1948 his
693 1882 864 1966 prooemiis
889 1883 1066 1967 complures
1090 1883 1152 1949 loci
1175 1891 1259 1967 sunt,
1283 1884 1395 1967 quiin

273 1999 345 2064 aliis
378 1998 576 2064 orationibus
602 1998 827 2064 Demosthenis
857 2019 919 2064 non
952 1999 1169 2084 reperiuntur,
1201 1998 1276 2066 inde
1306 1999 1396 2068 effici

273 2135 337 2179 non
361 2121 477 2198 potest,
502 2121 537 2180 ut
560 2114 616 2180 illa
639 2114 812 2198 prooemia,
836 2115 868 2178 in
892 2115 1007 2197 quibus
1031 2115 1065 2180 hi
1088 2115 1149 2182 loci
1167 2122 1304 2198 exstant,
1328 2116 1396 2182 sint

275 2238 441 2315 suspecta,
473 2230 534 2296 nisi
565 2232 645 2296 l'orte
670 2229 917 2296 Demosthenem
951 2231 1075 2315 copiam
1106 2251 1196 2296 suam
1223 2230 1396 2298 verborum

274 2354 375 2413 totam
398 2346 431 2411 in
456 2346 615 2413 orationes
640 2346 821 2412 excussisse
845 2366 1019 2414 censemus.

315 2775 317 2782 Α
347 2682 422 2760 'His
451 2693 546 2760 dictis
569 2694 655 2760 illam
685 2695 905 2760 collectionem
933 2716 996 2760 non
1018 2695 1219 2780 ¹exscriptam
1248 2717 1289 2762 ex
1318 2716 1393 2760 con-

275 2809 414 2876 tionibus
443 2831 547 2894 neque
577 2811 802 2876 Demosthenis
834 2831 938 2894 neque
970 2812 1103 2877 aliorum
1135 2819 1309 2892 oratorum,
1335 2811 1395 2877 sed

275 2927 316 2991 ab
340 2927 395 2992 illo
419 2926 505 3012 ipsc,
538 2927 724 3011 priusquam
755 2927 796 2992 ad
830 2927 1058 3012 rempublicam
1082 2927 1262 3010 accederet,
1293 2934 1327 2994 ut
1355 2949 1397 2994 ea

276 3049 417 3109 uteretur
440 3064 502 3108 non
526 3042 620 3108 modo
645 3044 677 3107 in
700 3043 886 3127 prooemiis,
916 3042 975 3109 sed
1006 3044 1103 3109 etiam
1125 3044 1157 3107 in
1182 3045 1295 3109 ceteris
1320 3065 1394 3128 par-

276 3159 361 3224 tibus
380 3159 542 3244 orationis,
566 3159 598 3222 in
615 3160 806 3225 tractatione
831 3167 863 3225 et
880 3160 1017 3245 epilnge,
1044 3153 1252 3244 compositam
1273 3168 1397 3244 etpost

277 3275 345 3341 cius
362 3281 493 3340 mortem
511 3282 637 3341 auctam
654 3275 718 3340 illis
737 3282 869 3360 septem,
894 3295 977 3359 quae
1002 3275 1043 3340 ad
1065 3275 1209 3360 singulas
1233 3277 1396 3344 orationes

277 3390 458 3474 conscripta
486 3397 593 3475 erant,
626 3411 645 3454 a
675 3391 842 3476 discipulis
874 3392 943 3458 eius
974 3393 1025 3457 vel
1054 3392 1243 3476 propinquis
1274 3391 1396 3458 editam

276 3526 348 3572 esse
372 3506 452 3572 satis
475 3505 710 3573 demonstrasse
734 3508 826 3574 nobis
850 3506 1002 3573 videmur.
1302 3491 1303 3495 ¹
