3102 4912
711 553 752 619 37

171 776 254 852 eant,
280 790 341 833 non
365 789 385 832 a
402 768 618 834 Demosthene
636 767 755 852 ipsein
774 742 936 853 publicum
953 767 1071 833 emissa
1088 769 1159 834 esse
1182 789 1290 834 omnes

171 885 383 950 consentiunt.
432 883 522 961 Quae
545 906 565 948 a
581 885 707 950 rhetore
724 884 862 967 quodam
880 883 968 949 editu
985 905 1054 950 esse
1072 884 1199 968 plurimi
1216 905 1289 950 con·

170 999 313 1066 tendunt.
362 999 440 1064 Mihi
464 1000 592 1082 quidem
616 1021 655 1064 ea
679 1001 896 1066 Demosthene
920 999 1079 1085 mortu01)
1104 1001 1172 1066 eius
1194 999 1289 1066 disci-

171 1116 237 1200 puli
261 1117 312 1182 vel
337 1115 522 1200 propinqui,
552 1115 613 1182 nisi
638 1116 746 1200 fallor,
777 1116 1011 1200 Demochares,
1036 1116 1121 1182 tilius
1145 1115 1214 1182 eius
1238 1137 1288 1182 so-

169 1231 267 1316 roris,
292 1232 347 1315 qui
371 1231 419 1296 illi
443 1232 561 1296 oratori
586 1231 677 1297 heres
701 1233 820 1315 fuerat,
845 1232 878 1296 in
903 1232 1063 1316 publicum
1088 1231 1218 1298 dedisse
1242 1232 1287 1297 vi-

169 1345 272 1412 detur.
321 1347 412 1431 „Wir
434 1355 562 1412 mussen
587 1347 726 1413 n'amlich
750 1349 808 1413 der
826 1347 943 1413 Schule
968 1347 1024 1413 des
1042 1348 1287 1432 Demosthenes,

168 1462 272 1545 inquit
296 1463 473 1529 rectissime
498 1464 687 1529 Blassius
712 1463 758 1529 ll
792 1485 821 1548 p.
847 1468 898 1548 63,
923 1464 1148 1531 insbesonders
1172 1463 1287 1548 denen,

167 1577 221 1644 die
257 1561 570 1645 wie'Demochares
609 1579 690 1644 auch
728 1579 1066 1645 verwandtsohat'tlich
1104 1579 1169 1644 ihm
1205 1581 1287 1646 nahe

167 1693 320 1779 standen,
353 1695 384 1758 in
417 1695 525 1777 Bezug
556 1696 615 1760 aut'
646 1694 698 1760 die
728 1695 925 1761 schrit'tliche
959 1695 1287 1762 Hinterlassenschalt

167 1810 239 1876 eine
271 1810 515 1893 weitgreifende
551 1811 741 1896 Thetigkeit
778 1812 972 1893 heimessen;
1008 1811 1092 1876 deun
1128 1833 1163 1877 er
1197 1811 1286 1878 hatte

166 1926 284 2010 gewiss
309 1926 396 1992 nicht
419 1927 513 2010 alles,
539 1947 605 1991 was
631 1947 689 1992 uns
713 1928 866 2011 vorliegt,
890 1929 990 1994 selhst
1014 1928 1285 2010 herausgegehen.

167 2095 295 2108 .......
321 2043 365 2108 So
462 2042 590 2108 werden
623 2051 715 2108 unter
747 2043 819 2108 dem
850 2043 1008 2110 Nachlass
1039 2043 1121 2109 auch
1153 2043 1285 2108 humere

165 2158 449 2242 Antheiohnungen
475 2179 624 2241 gewesen
642 2161 720 2243 sein,
746 2160 798 2224 die
814 2162 864 2224 fur
880 2159 947 2225 sich
965 2158 1069 2225 nichts
1091 2158 1284 2225 bedenteten

165 2273 231 2339 und
247 2274 335 2341 nieht
351 2259 614 2359 herausgegeben
632 2276 771 2341 warenf‘
805 2275 926 2340 damin
944 2275 993 2340 his
1010 2275 1138 2341 schedis
1147 2278 1182 2361 ²),
1201 2295 1284 2359 quae

165 2389 417 2456 aDemosthene
434 2391 625 2456 Demochari
651 2392 781 2456 relictae
799 2399 898 2474 erant,
924 2412 986 2457 non
1011 2393 1111 2457 solum
1137 2392 1283 2458 collectio

166 2507 398 2590 prooemiorum
429 2513 461 2571 et
485 2508 663 2590 complures
695 2507 778 2573 aliae
809 2508 988 2591 orationes,
1025 2528 1108 2591 quae
1144 2507 1283 2574 nondum

165 2621 272 2688 editae
297 2631 402 2707 erant,
435 2623 492 2688 sed
517 2623 612 2688 etiam
637 2624 693 2688 illa
717 2632 838 2708 septem
863 2625 1042 2708 prooemia,
1074 2644 1156 2708 quae
1186 2644 1284 2708 supra

165 2737 319 2823 diximus,
350 2739 450 2806 fuisse
483 2738 559 2802 mihi
583 2739 738 2805 videntur.
786 2739 851 2804 Sed
883 2742 958 2822 quia
989 2741 1043 2806 illo
1075 2748 1217 2824 tempore
1239 2740 1282 2830 ab

163 2853 389 2920 Alexandrinis
425 2854 567 2937 undique
601 2855 673 2920 libri
707 2855 851 2939 inprimis
886 2856 1056 2922 illustrium
1091 2857 1282 2941 scriptorum

164 2971 333 3052 conquisiti
358 2979 390 3035 et
413 2970 551 3035 maximo
576 2971 679 3054 pretio
697 2972 834 3054 eoe‘mpti
858 2979 941 3055 sunt,
967 2972 1063 3037 etiam
1080 2973 1152 3038 illas
1171 2971 1281 3038 literas

162 3086 390 3151 Alexandriam
408 3086 594 3170 deportatas
612 3107 682 3152 esse
700 3087 844 3151 arbitror.
881 3088 994 3170 Neque
1012 3087 1281 3155 Callimachus

163 3202 246 3268 hanc
270 3202 488 3268 collectionem
520 3202 583 3268 illis
614 3211 738 3287 septem
767 3203 938 3287 prooemiis
971 3202 1132 3269 adiunctis
1159 3203 1192 3267 in
1223 3223 1279 3268 nu-

162 3338 283 3384 merum
306 3339 438 3402 operum
464 3318 689 3384 Demosthenis
722 3319 868 3402 redigere
896 3318 1070 3403 dubitavit,
1101 3340 1164 3386 nou
1194 3318 1281 3402 quod

163 3433 243 3500 haec
265 3435 430 3518 prooemia
454 3455 493 3499 ex
517 3435 715 3500 orationibus
743 3434 828 3500 illius
862 3436 998 3501 oratoris
1023 3436 1185 3520 descripta
1209 3456 1280 3502 esse

161 3557 307 3616 censeret
332 3549 408 3636 (hoc
424 3551 508 3614 enim
526 3550 657 3616 credere
673 3552 791 3617 vetitus
816 3560 864 3617 est
887 3552 988 3636 primo
1012 3551 1084 3635 ipse
1107 3551 1280 3636 prooemio,

161 3665 247 3748 quod
277 3687 298 3730 a
325 3666 489 3750 prooemio
521 3669 641 3751 primae
672 3667 825 3733 orationis
850 3667 1050 3752 Philippicae
1073 3667 1280 3734 vehementer

159 3781 339 3866 abhorret),
373 3781 431 3848 sed
463 3782 539 3865 quia
562 3804 582 3847 a
605 3783 821 3849 Demosthene
844 3803 931 3849 more
959 3784 1093 3849 aliorum
1118 3791 1278 3848 oratorum

159 3899 248 3963 velut
269 3897 563 3982 Antiphontis,
588 3899 763 3982 Critiae,
790 3898 971 3983 Cephali,
996 3899 1278 3984 Thrasymachi

158 4013 225 4097 illa,
250 4013 366 4097 quibus
382 4015 414 4078 in
432 4014 629 4080 orationibus
647 4023 797 4098 uteretur,
812 4036 868 4100 per
883 4017 981 4081 otium
998 4024 1191 4100 praeparata
1206 4035 1278 4082 esse

157 4129 362 4195 existimavit.

245 4251 275 4356 l)
294 4289 332 4343 Cf.
343 4289 467 4343 Berlincr
476 4289 627 4360 philosoph.
639 4289 863 4355 Wochensehrilt,
880 4293 955 4357 1885,
969 4291 1017 4344 Nr.
1030 4296 1071 4356 45,
1083 4309 1108 4362 p.
1123 4295 1189 4346 1418
1198 4291 1275 4345 inira.

247 4379 274 4452 ⁸2)
294 4377 334 4438 Cl.
352 4379 402 4432 Die
421 4378 649 4449 Attikusuusgabc
668 4397 719 4434 von
737 4381 779 4439 W,
800 4379 915 4434 Christ
933 4382 951 4434 l.
970 4382 988 4435 l.
1008 4399 1034 4452 p.
1055 4385 1115 4434 214.
