3102 4912
821 487 865 548 40

278 730 364 776 nuuc
381 700 598 770 contionaturi
614 701 700 785 sunt.)
725 698 848 766 surrexi
864 697 907 761 ad
924 697 1102 765 dicendum.
1150 699 1251 770 Μετὰ
1275 702 1425 792 τούτους

281 821 386 908 λέγειν
403 815 621 899 interpretari:
644 837 741 882 secu
753 837 771 878 n
783 813 832 878 du
843 835 871 876 m
888 812 946 880 hos
964 815 1080 900 dicere,
1097 817 1131 881 id
1149 827 1199 884 est
1214 821 1282 888 iliis
1301 846 1423 894 assen-

284 938 347 1020 tiri,
373 943 408 1000 ut
432 932 576 998 Wolfio
600 931 733 1015 videtur,
759 938 982 1016 praeterquam
1003 931 1089 1015 quod
1113 930 1253 1016 perricio
1280 944 1425 1012 notione

286 1049 461 1118 secundum
495 1048 665 1131 scriptores
696 1046 849 1113 orationis
878 1046 1002 1112 solutae
1031 1048 1172 1116 scribere
1205 1073 1270 1118 non
1297 1060 1423 1146 solent,

288 1168 426 1232 hicnon
452 1164 535 1229 licet.
581 1164 663 1228 Nam
687 1163 763 1246 quid
787 1162 848 1227 sibi
872 1161 939 1227 rult
967 1170 1074 1228 orator
1096 1164 1190 1232 initio
1214 1168 1313 1237 huius
1342 1195 1423 1258 pro-

289 1281 409 1349 oemii?
457 1279 572 1362 Utique
596 1299 631 1345 se
655 1299 816 1361 excusare,
841 1277 924 1361 quori
950 1278 1071 1361 primus
1095 1285 1281 1352 surrexerit.
1321 1289 1424 1368 Quae

289 1395 455 1464 excusatio
478 1396 584 1479 posita
612 1402 662 1460 est
694 1415 755 1458 non
788 1394 820 1458 in
844 1415 900 1476 eo,
933 1394 1019 1476 quod
1042 1395 1096 1460 illc
1120 1401 1325 1487 oratoribus,
1361 1411 1424 1490 qui

290 1522 364 1579 ante
388 1532 459 1577 eum
483 1510 639 1595 dixerunt,
664 1530 851 1590 assensurus
875 1509 917 1575 sit
940 1511 1015 1590 (hoc
1038 1512 1121 1576 enim
1146 1521 1196 1579 est
1213 1516 1424 1609 ridiculum),

290 1627 347 1695 sed
372 1627 457 1712 quod
481 1628 521 1692 ab
551 1627 600 1691 his
624 1626 686 1691 iam
703 1635 797 1692 antea
821 1626 860 1692 de
883 1625 1004 1691 eisdem
1029 1628 1125 1693 rebus
1149 1650 1248 1715 saepe
1274 1634 1318 1700 sit
1345 1659 1424 1722 per-

292 1753 425 1829 oratum,
449 1752 483 1810 ut
504 1744 571 1828 ipse
596 1750 685 1827 post
710 1743 779 1807 illos
796 1742 837 1807 ad
854 1741 1023 1807 dicendum
1048 1744 1267 1827 aggrediatur.
1317 1753 1423 1822 Unde

290 1863 340 1944 fit,
374 1868 408 1926 ut
438 1861 532 1928 etiam
562 1853 646 1924 κατὰ
680 1850 829 1940 τούτοις,
865 1866 899 1923 ut
928 1859 1130 1926 Reiskius
1166 1862 1339 1952 opinatur,
1374 1872 1423 1937 sit

290 1976 470 2043 absurdum.
496 2013 535 2023 -

383 2105 474 2186 1419,
503 2099 530 2187 l]
556 2101 594 2165 ci'.
619 2121 663 2164 or.
688 2097 728 2164 de
752 2119 831 2182 paee
854 2101 907 2182 57,
931 2101 960 2164 2.
985 2137 1026 2146 —

382 2230 475 2311 1419,
498 2225 527 2312 1]
552 2215 594 2302 ὡς
606 2224 641 2292 ἐκ
653 2215 809 2288 τοιούτων
827 2261 867 2269 -
887 2222 920 2286 in
939 2223 995 2288 tali
1012 2244 1116 2290 rerum
1129 2235 1222 2294 statu.
1265 2231 1420 2302 Sohae-

292 2346 404 2413 ferus.
431 2381 471 2390 -

383 2469 477 2552 1419,
503 2464 600 2552 3-5]
631 2466 670 2531 ei.
696 2487 738 2530 or.
764 2464 891 2549 Olynth.
917 2465 955 2532 11.
979 2468 1036 2551 24,
1068 2469 1111 2532 27
1135 2489 1204 2552 sqq.
1236 2479 1269 2537 et
1301 2495 1346 2538 or.
1374 2478 1419 2544 dc

291 2586 400 2652 Chers.
425 2587 477 2670 99,
505 2587 545 2648 12
569 2603 637 2666 sqq.
663 2619 703 2628 -—

382 2711 477 2794 1419,
503 2706 623 2794 8-11]
648 2707 686 2772 ci'.
711 2727 754 2772 or.
781 2704 910 2790 Olynth.
934 2706 990 2773 111.
1015 2709 1068 2792 29,
1098 2710 1134 2774 17
1160 2729 1229 2794 sqq.
1283 2752 1297 2760 -

383 2838 477 2919 1419,
505 2832 645 2919 12-18]
671 2832 709 2897 ci'.
734 2853 777 2896 or.
803 2829 882 2895 Phil.
906 2831 929 2895 I.
953 2835 1005 2917 51,
1031 2836 1050 2896 5
1074 2852 1142 2916 sqq.
1169 2873 1209 2882 —

383 2973 477 3054 1419,
495 2967 544 3055 14]
567 2965 622 3032 καὶ
637 2961 678 3032 τὰ
694 2958 870 3053 πράγματα
885 2955 1100 3055 ὑπερβήσεται
1117 3007 1157 3016 -
1175 2964 1217 3034 τὰ
1233 2964 1418 3058 πράγματα

186 3167 188 3174 ¹
292 3087 487 3173 Sauppius
513 3092 545 3150 et
564 3083 619 3149 alii
635 3090 749 3168 putant
765 3082 983 3148 accusativum
1000 3092 1031 3148 et
1055 3083 1096 3150 ad
1120 3087 1250 3151 verbum
1268 3079 1416 3180 ὑπερβή-

290 3226 382 3270 σεται
411 3201 607 3269 subaudiunt
633 3197 699 3280 τίς,
730 3208 763 3265 ut
793 3200 877 3264 hunc
900 3200 1003 3265 locum
1028 3209 1233 3270 convertant:
1265 3225 1299 3270 er
1328 3211 1415 3275 auch

291 3320 371 3386 tiber
387 3320 439 3385 die
455 3317 641 3400 Ereiguissc
660 3316 935 3400 hinrvegkommen
960 3317 1027 3382 sire
1052 3317 1134 3383 auch
1152 3318 1204 3386 die
1220 3320 1413 3392 wirkiichen

292 3436 498 3503 Thatsachcn
522 3432 704 3518 iibergeheu
722 3433 811 3498 wird.
859 3432 960 3510 Quam
978 3433 1273 3519 interpretationem
1295 3441 1413 3509 falsam

292 3573 363 3620 esse
394 3553 458 3618 iam
482 3551 805 3617 Westermannus
838 3549 1014 3615 rectissime
1044 3550 1197 3635 docuit1).
1245 3555 1322 3639 Alii,
1355 3559 1414 3640 qui

291 3671 355 3756 ipsi
378 3666 428 3748 τίς
451 3668 494 3733 ad
517 3657 733 3756 ὑπερβήσεται
756 3665 968 3751 subaudiunt,
1001 3667 1089 3732 velut
1113 3668 1336 3756 Frankius3
1368 3671 1414 3740 τὰ

293 3779 470 3873 πράγματα
498 3805 664 3870 perperam
696 3783 946 3867 interpretantur
973 3784 1020 3868 τῷ
1048 3773 1118 3848 ὅττι
1149 3784 1217 3851 sive
1244 3789 1291 3872 τῷ
1318 3784 1413 3878 ἔργῳ,

293 3911 327 3970 ut
358 3903 566 3969 transferant:
599 3902 627 3968 si
655 3901 745 3984 quis,
777 3920 859 3984 quae
891 3898 1027 3965 dicendo
1059 3900 1237 3985 transierit,
1270 3923 1308 3969 ea
1338 3906 1414 3991 ipsa

293 4020 463 4088 transierit.
521 4019 632 4102 Neque
668 4017 770 4102 magis
806 4016 938 4082 verbum
975 4004 1206 4103 ὑπερβήσεται,
1244 4026 1277 4084 ut
1308 4021 1412 4090 Voc-

386 4236 410 4301 1)
434 4232 475 4288 Cf.
495 4231 685 4300 Ausgowthlto
703 4230 795 4284 Reden
821 4229 866 4284 des
891 4227 1042 4293 Demosth.‚
1068 4229 1169 4284 erklirt
1192 4247 1243 4284 von
1262 4232 1411 4290 Wostcr·

294 4341 398 4380 mann.
436 4323 527 4378 Erstes
545 4321 698 4386 Bindchcm
719 4326 743 4374 5.
763 4317 883 4388 Auflage
904 4321 979 4386 1866,
1000 4317 1027 4370 in
1046 4334 1082 4373 or.
1102 4317 1172 4376 Phil.
1192 4319 1214 4373 Ι,
1235 4326 1276 4389 51,
1297 4325 1322 4378 5,
