3102 4912
703 555 861 652 *IL

222 787 286 849 quo
309 766 365 832 illa
388 766 591 851 composuit?
630 766 770 832 Minime.
809 767 893 832 Nam
916 767 971 850 qui
995 767 1037 852 lit,
1063 774 1096 834 ul
1114 767 1212 832 nihilo
1234 767 1339 834 secius

221 883 253 947 in
278 881 421 948 secunda
445 889 477 948 el
500 883 595 949 tertia
611 883 754 950 oratione
771 884 974 968 Olynthiaca,
999 905 1081 968 quae
1098 884 1259 952 orationes
1283 905 1339 968 po-

222 1001 350 1084 pulares
374 1007 407 1066 et
430 999 521 1084 ipsae
545 1021 629 1067 anno
660 1000 883 1067 trecentesimo
908 999 1259 1085 undequinquagesimo
1284 1001 1338 1066 ha-

222 1116 308 1182 bitae
332 1124 432 1200 erant,
458 1117 578 1182 nullum
602 1117 727 1182 illorum
752 1124 798 1183 tot
822 1117 1054 1201 prooemiorum
1071 1117 1113 1184 sit
1129 1120 1339 1202 usurpatum?

313 1232 389 1297 Mihi
413 1232 543 1316 quidem
566 1233 801 1299 Demosthenes
829 1233 912 1299 hanc
941 1232 1158 1299 collectionem
1182 1233 1338 1318 prooemi-

222 1369 310 1414 orum
335 1351 433 1415 multo
459 1356 543 1433 ante,
567 1368 662 1432 quam
681 1350 865 1416 Blassius
882 1349 1040 1438 opinatur,
1063 1349 1232 1434 scripsisse
1252 1349 1339 1416 vide-

222 1473 280 1530 tur.
319 1465 402 1530 Nam
425 1464 564 1548 vestigia
580 1465 690 1532 horum
708 1465 940 1550 prooemiorum
965 1465 997 1530 iu
1015 1465 1126 1550 primis
1142 1466 1340 1532 orationibus

223 1581 449 1648 Demosthenis
466 1581 552 1647 haud
570 1582 683 1648 leviter
698 1590 773 1648 sunt
793 1603 913 1666 pressa.
952 1581 1041 1660 Quas
1065 1583 1093 1647 si
1116 1582 1339 1668 percurrimus

223 1718 284 1762 non
309 1717 429 1782 paucos
446 1699 533 1764 locos
552 1697 644 1764 huius
669 1698 865 1766 collectionis
882 1699 914 1763 in
931 1699 978 1766 eis
995 1699 1098 1784 repeti
1114 1698 1293 1766 invenimus
1303 1679 1338 1785 I).

266 1875 272 1886 ,
311 1815 448 1898 Magnus
473 1815 556 1880 enim
586 1815 646 1880 l'uit
674 1815 705 1879 in
733 1815 904 1900 prooemiis
934 1834 1065 1899 campus
1089 1817 1229 1882 locorum
1254 1837 1338 1881 com-

222 1930 371 2015 munium,
396 1951 476 2014 quos
501 1952 694 2014 cognoscere
711 1952 820 1997 eorum
838 1939 916 2015 erat,
943 1932 998 2015 qui
1015 1933 1166 1998 volebant
1181 1931 1249 1996 lieri
1269 1953 1338 1998 ora-

222 2055 316 2112 tores.
363 2047 465 2112 Nemo
493 2047 591 2130 igitur
621 2046 797 2132 dubitabit,
826 2047 917 2132 quin,
951 2048 1068 2132 quise
1099 2046 1141 2113 ad
1169 2046 1339 2115 dicendum

222 2163 369 2228 collaturi
386 2171 486 2247 erant,
504 2164 567 2228 iarn
584 2164 808 2231 adulescentes
825 2165 856 2228 iu
874 2163 991 2229 scholis
1008 2163 1177 2249 rhetorum,
1203 2171 1237 2229 ut
1252 2165 1340 2230 locos

222 2299 403 2345 communes
428 2299 523 2362 quam
548 2279 701 2364 plurimos
726 2279 880 2347 habereut
905 2289 1044 2365 paratos,
1068 2280 1233 2364 prooemia
1255 2301 1338 2347 com·

222 2394 361 2479 ponendi
386 2395 504 2461 luerint
528 2395 763 2463 studiosissimi.
811 2397 924 2480 Itaque
948 2396 1181 2464 Demosthenes
1205 2396 1269 2462 iarn
1293 2395 1337 2462 iu·

220 2511 325 2595 venis,
357 2512 540 2596 priusquam
564 2511 607 2578 ad
631 2513 860 2597 rempublicam
884 2512 1068 2597 accederet,
1093 2511 1177 2578 hanc
1200 2512 1339 2579 collecti-

222 2647 315 2693 onem
339 2628 582 2713 prooemiorum,
607 2637 642 2694 ut
665 2628 698 2692 in
724 2629 783 2694 bac
798 2628 990 2712 gravissima
1013 2637 1105 2714 parte
1129 2628 1282 2694 orationis
1305 2649 1341 2695 se

222 2752 396 2822 exerceret,
421 2744 649 2829 conscripsisse
672 2744 750 2809 mihi
773 2743 907 2812 videtur.

312 2859 378 2925 Sed
402 2880 473 2926 curn
496 2860 577 2926 haec
601 2860 779 2945 prooemia,
810 2861 900 2927 utin
924 2859 1119 2945 quibuslibet
1142 2859 1340 2926 orationibus

222 2984 336 3058 postea
361 2975 518 3042 habendis
543 2975 689 3043 adhiberi
714 2984 854 3062 possent,
878 2984 947 3044 tota
964 2998 1004 3043 ex
1026 2977 1105 3044 locis
1123 2977 1340 3044 communibus

223 3099 369 3158 constare
391 3091 555 3178 deberent,
580 3092 649 3159 fieri
666 3113 729 3157 non
746 3100 860 3178 potest,
886 3101 919 3158 ut
934 3114 982 3177 ea,
1007 3114 1090 3176 quae
1106 3093 1148 3158 ad
1165 3094 1341 3160 orationem

107 3241 111 3248 ·
222 3207 324 3290 ipsam
341 3215 498 3293 spectant,
517 3209 548 3274 iu
566 3208 627 3274 hac
642 3208 761 3275 fuerint
778 3210 976 3295 collectione,
996 3230 1090 3293 quam
1107 3209 1340 3277 Demosthenes

222 3322 348 3390 iuvenis
372 3325 526 3391 exaravit.

311 3440 347 3505 In
364 3440 415 3506 his
431 3441 629 3507 numeranda
645 3448 719 3507 sunt
736 3441 898 3526 prooemia
914 3441 982 3526 VII,
999 3441 1084 3527 VIII,
1101 3443 1236 3527 XXVII,
1252 3441 1340 3526 XXI,

223 3556 339 3641 XXIV,
364 3557 530 3641 XXXVII,
556 3557 653 3643 XLV,
679 3578 762 3641 quae
789 3557 865 3622 mibi
887 3556 1174 3641 Broughamum
1199 3559 1340 3644 (Works,
1406 3655 1409 3658 .

222 3672 283 3738 vol.
308 3673 376 3738 VII.
401 3692 432 3757 p.
450 3675 492 3740 35
508 3673 593 3758 sqq.)
618 3681 649 3739 et
673 3673 884 3740 Blassinm
912 3674 931 3738 l.
955 3673 973 3738 l.
998 3680 1108 3741 secuto
1131 3673 1174 3739 ad
1197 3674 1341 3760 singulas

315 3849 340 3919 1)
363 3848 404 3904 df.
424 3867 461 3904 or.
481 3867 504 3905 c.
524 3851 668 3921 Aphobum
686 3851 735 3904 ΠΙ.
755 3855 820 3917 844,
846 3856 861 3906 0
883 3853 912 3905 et
929 3867 1045 3920 prooem.
1065 3851 1160 3904 XLVI.
1183 3856 1258 3917 1454,
1279 3855 1295 3906 6
1314 3853 1343 3905 et

222 3955 338 4008 prooem.
357 3939 456 3994 XXVI.
478 3944 554 4005 1436,
575 3944 621 4006 23;
641 3957 678 3994 or.
698 3941 729 3993 dc
748 3957 801 3994 cor.
817 3940 891 3994 trior.
915 3944 990 4006 1233,
1011 3946 1026 3994 4
1046 3944 1073 3994 et
1090 3957 1205 4010 prooem.
1225 3939 1341 3994 XXXII.

225 4033 303 4092 llll,
323 4033 339 4083 6
359 4033 387 4082 et
404 4047 521 4099 prooem.
540 4029 668 4084 XXXIII.
691 4033 767 4094 1442,
787 4034 822 4084 20
840 4033 868 4082 ct
885 4046 1002 4100 prooem.
1022 4030 1116 4083 XLVI.
1139 4033 1215 4094 1453,
1238 4034 1284 4098 19;
1305 4047 1342 4084 or.

222 4119 254 4171 dc
278 4118 353 4172 class.
375 4123 438 4177 180.
465 4124 481 4173 0
504 4123 532 4173 ct
555 4135 671 4189 prooem.
694 4120 723 4172 L.
746 4123 822 4184 1457,
843 4123 871 4182 6;
898 4136 935 4173 or.
960 4120 992 4172 de
1011 4119 1144 4189 Megalop.
1171 4123 1235 4185 202,
1267 4126 1296 4174 15
1315 4123 1344 4173 et

223 4224 338 4276 prooem.
357 4207 431 4260 XIX.
454 4211 529 4274 1430,
550 4212 599 4276 25;
619 4225 655 4262 or.
675 4207 707 4261 de
725 4208 859 4277 Megalcp.
880 4212 939 4274 210,
960 4211 993 4262 22
1013 4211 1042 4262 et
1059 4224 1175 4278 prooem.
1185 4207 1248 4262 XII.
1266 4213 1342 4276 1426,

227 4302 270 4362 15,
294 4313 331 4350 cr.
352 4296 384 4350 da
404 4297 504 4352 Timoe.
524 4300 588 4368 730,
609 4302 643 4353 20
667 4301 695 4354 et
713 4315 751 4350 or.
771 4297 803 4352 de
822 4296 939 4352 Aristoc.
958 4300 1023 4364 600,
1048 4301 1064 4352 6
1087 4300 1115 4350 et
1133 4313 1249 4369 prooem.
1268 4297 1342 4352 LIII.

226 4389 301 4450 1450,
322 4390 364 4443 20.
