<?xml version="1.0" encoding="UTF-8"?>
<!DOCTYPE html PUBLIC "-//W3C//DTD XHTML 1.0 Transitional//EN"
    "http://www.w3.org/TR/xhtml1/DTD/xhtml1-transitional.dtd">
<html xmlns="http://www.w3.org/1999/xhtml" xml:lang="en" lang="en">
 <head>
  <title>
</title>
<meta http-equiv="Content-Type" content="text/html;charset=utf-8" />
  <meta name='ocr-system' content='tesseract 3.04.00' />
  <meta name='ocr-capabilities' content='ocr_page ocr_carea ocr_par ocr_line ocrx_word'/>
</head>
<body>
  <div class='ocr_page' id='page_1' title='image "./demosthenisdeco00reicgoog_0008.png"; bbox 0 0 3102 4912; ppageno 0'>
   <div class='ocr_carea' id='block_1_1' title="bbox 126 1573 1327 2862">
    <p class='ocr_par' dir='ltr' id='par_1_1' title="bbox 126 1573 1327 2862">
     <span class='ocr_line' id='line_1_1' title="bbox 295 1573 1325 1699; baseline -0.002 -17"><span class='ocrx_word' id='word_1_1' title='bbox 295 1573 380 1682; x_wconf 83' lang='lat' dir='ltr'>Hac</span> <span class='ocrx_word' id='word_1_2' title='bbox 403 1621 520 1699; x_wconf 88' lang='lat' dir='ltr'>aetate,</span> <span class='ocrx_word' id='word_1_3' title='bbox 545 1635 628 1698; x_wconf 89' lang='lat' dir='ltr'>quae</span> <span class='ocrx_word' id='word_1_4' title='bbox 653 1613 769 1698; x_wconf 84' lang='lat' dir='ltr'>flagrat</span> <span class='ocrx_word' id='word_1_5' title='bbox 792 1613 971 1680; x_wconf 79' lang='lat' dir='ltr'>incredibili</span> <span class='ocrx_word' id='word_1_6' title='bbox 991 1613 1130 1697; x_wconf 91' lang='lat' dir='ltr'>quadam</span> <span class='ocrx_word' id='word_1_7' title='bbox 1151 1613 1325 1699; x_wconf 88' lang='lat' dir='ltr'>cupiditate</span> 
     </span>
     <span class='ocr_line' id='line_1_2' title="bbox 206 1730 1326 1816; baseline -0.003 -20"><span class='ocrx_word' id='word_1_8' title='bbox 206 1732 378 1816; x_wconf 86' lang='lat' dir='ltr'>scribendi,</span> <span class='ocrx_word' id='word_1_9' title='bbox 410 1730 495 1798; x_wconf 91' lang='lat' dir='ltr'>haud</span> <span class='ocrx_word' id='word_1_10' title='bbox 527 1732 593 1796; x_wconf 91' lang='lat' dir='ltr'>scio</span> <span class='ocrx_word' id='word_1_11' title='bbox 625 1751 665 1795; x_wconf 91' lang='lat' dir='ltr'>an</span> <span class='ocrx_word' id='word_1_12' title='bbox 696 1751 789 1796; x_wconf 93' lang='lat' dir='ltr'>nemo</span> <span class='ocrx_word' id='word_1_13' title='bbox 823 1730 1001 1814; x_wconf 77' lang='lat' dir='ltr'>reperiatur</span> <span class='ocrx_word' id='word_1_14' title='bbox 1024 1731 1173 1816; x_wconf 77' lang='lat' dir='ltr'>scriptor,</span> <span class='ocrx_word' id='word_1_15' title='bbox 1205 1731 1326 1814; x_wconf 92' lang='lat' dir='ltr'>inquo</span> 
     </span>
     <span class='ocr_line' id='line_1_3' title="bbox 207 1846 1325 1930; baseline -0.003 -16"><span class='ocrx_word' id='word_1_16' title='bbox 207 1869 288 1914; x_wconf 92' lang='lat' dir='ltr'>unus</span> <span class='ocrx_word' id='word_1_17' title='bbox 312 1855 344 1915; x_wconf 92' lang='lat' dir='ltr'>et</span> <span class='ocrx_word' id='word_1_18' title='bbox 367 1849 450 1914; x_wconf 89' lang='lat' dir='ltr'>alter</span> <span class='ocrx_word' id='word_1_19' title='bbox 472 1868 534 1912; x_wconf 92' lang='lat' dir='ltr'>non</span> <span class='ocrx_word' id='word_1_20' title='bbox 559 1849 623 1911; x_wconf 91' lang='lat' dir='ltr'>iam</span> <span class='ocrx_word' id='word_1_21' title='bbox 647 1846 861 1913; x_wconf 88' lang='lat' dir='ltr'>elaboraverit</span> <span class='ocrx_word' id='word_1_22' title='bbox 884 1846 1089 1912; x_wconf 88' lang='lat' dir='ltr'>recensendo.</span> <span class='ocrx_word' id='word_1_23' title='bbox 1135 1847 1182 1912; x_wconf 81' lang='lat' dir='ltr'>Ac</span> <span class='ocrx_word' id='word_1_24' title='bbox 1206 1857 1325 1930; x_wconf 89' lang='lat' dir='ltr'>quanto</span> 
     </span>
     <span class='ocr_line' id='line_1_4' title="bbox 206 1962 1326 2048; baseline -0.001 -18"><span class='ocrx_word' id='word_1_25' title='bbox 206 1966 260 2031; x_wconf 93' lang='lat' dir='ltr'>ille</span> <span class='ocrx_word' id='word_1_26' title='bbox 292 1965 351 2030; x_wconf 87' lang='lat' dir='ltr'>fuit</span> <span class='ocrx_word' id='word_1_27' title='bbox 381 1963 496 2030; x_wconf 92' lang='lat' dir='ltr'>clarior</span> <span class='ocrx_word' id='word_1_28' title='bbox 527 1971 559 2030; x_wconf 92' lang='lat' dir='ltr'>et</span> <span class='ocrx_word' id='word_1_29' title='bbox 589 1963 819 2048; x_wconf 84' lang='lat' dir='ltr'>praestantior,</span> <span class='ocrx_word' id='word_1_30' title='bbox 850 1970 939 2029; x_wconf 91' lang='lat' dir='ltr'>tanto</span> <span class='ocrx_word' id='word_1_31' title='bbox 972 1963 1073 2029; x_wconf 89' lang='lat' dir='ltr'>maior</span> <span class='ocrx_word' id='word_1_32' title='bbox 1096 1962 1248 2029; x_wconf 89' lang='lat' dir='ltr'>videlicet</span> <span class='ocrx_word' id='word_1_33' title='bbox 1277 1971 1326 2029; x_wconf 89' lang='lat' dir='ltr'>est</span> 
     </span>
     <span class='ocr_line' id='line_1_5' title="bbox 207 2078 1324 2164; baseline -0.004 -18"><span class='ocrx_word' id='word_1_34' title='bbox 207 2082 234 2146; x_wconf 90' lang='lat' dir='ltr'>is</span> <span class='ocrx_word' id='word_1_35' title='bbox 252 2101 411 2164; x_wconf 88' lang='lat' dir='ltr'>numerus,</span> <span class='ocrx_word' id='word_1_36' title='bbox 436 2081 489 2164; x_wconf 91' lang='lat' dir='ltr'>qui</span> <span class='ocrx_word' id='word_1_37' title='bbox 507 2080 547 2144; x_wconf 92' lang='lat' dir='ltr'>dc</span> <span class='ocrx_word' id='word_1_38' title='bbox 563 2099 600 2145; x_wconf 95' lang='lat' dir='ltr'>eo</span> <span class='ocrx_word' id='word_1_39' title='bbox 623 2079 776 2146; x_wconf 89' lang='lat' dir='ltr'>iudicant.</span> <span class='ocrx_word' id='word_1_40' title='bbox 816 2079 910 2144; x_wconf 88' lang='lat' dir='ltr'>Velut</span> <span class='ocrx_word' id='word_1_41' title='bbox 932 2078 972 2144; x_wconf 91' lang='lat' dir='ltr'>de</span> <span class='ocrx_word' id='word_1_42' title='bbox 990 2078 1215 2162; x_wconf 88' lang='lat' dir='ltr'>Demosthene,</span> <span class='ocrx_word' id='word_1_43' title='bbox 1240 2079 1324 2162; x_wconf 94' lang='lat' dir='ltr'>prin-</span> 
     </span>
     <span class='ocr_line' id='line_1_6' title="bbox 207 2194 1325 2282; baseline -0.003 -19"><span class='ocrx_word' id='word_1_44' title='bbox 207 2199 278 2282; x_wconf 86' lang='lat' dir='ltr'>cipe</span> <span class='ocrx_word' id='word_1_45' title='bbox 303 2205 472 2282; x_wconf 90' lang='lat' dir='ltr'>oratorum,</span> <span class='ocrx_word' id='word_1_46' title='bbox 497 2218 521 2262; x_wconf 88' lang='lat' dir='ltr'>a-</span> <span class='ocrx_word' id='word_1_47' title='bbox 539 2216 602 2280; x_wconf 94' lang='lat' dir='ltr'>quo</span> <span class='ocrx_word' id='word_1_48' title='bbox 627 2217 689 2262; x_wconf 94' lang='lat' dir='ltr'>non</span> <span class='ocrx_word' id='word_1_49' title='bbox 714 2197 815 2261; x_wconf 91' lang='lat' dir='ltr'>solum</span> <span class='ocrx_word' id='word_1_50' title='bbox 840 2195 932 2260; x_wconf 87' lang='lat' dir='ltr'>nobis</span> <span class='ocrx_word' id='word_1_51' title='bbox 949 2195 1121 2279; x_wconf 72' lang='lat' dir='ltr'>orationes</span> <span class='ocrx_word' id='word_1_52' title='bbox 1147 2194 1325 2261; x_wconf 88' lang='lat' dir='ltr'>sedetiam</span> 
     </span>
     <span class='ocr_line' id='line_1_7' title="bbox 207 2310 1324 2398; baseline -0.004 -18"><span class='ocrx_word' id='word_1_53' title='bbox 207 2313 363 2398; x_wconf 88' lang='lat' dir='ltr'>epistolae</span> <span class='ocrx_word' id='word_1_54' title='bbox 380 2320 412 2379; x_wconf 94' lang='lat' dir='ltr'>et</span> <span class='ocrx_word' id='word_1_55' title='bbox 428 2313 592 2397; x_wconf 89' lang='lat' dir='ltr'>prooemia</span> <span class='ocrx_word' id='word_1_56' title='bbox 607 2311 727 2378; x_wconf 91' lang='lat' dir='ltr'>tradita</span> <span class='ocrx_word' id='word_1_57' title='bbox 743 2318 826 2396; x_wconf 90' lang='lat' dir='ltr'>sunt,</span> <span class='ocrx_word' id='word_1_58' title='bbox 849 2311 962 2377; x_wconf 93' lang='lat' dir='ltr'>mirum</span> <span class='ocrx_word' id='word_1_59' title='bbox 978 2319 1132 2394; x_wconf 89' lang='lat' dir='ltr'>quantum</span> <span class='ocrx_word' id='word_1_60' title='bbox 1149 2318 1197 2376; x_wconf 89' lang='lat' dir='ltr'>est</span> <span class='ocrx_word' id='word_1_61' title='bbox 1214 2310 1324 2396; x_wconf 89' lang='lat' dir='ltr'>dispu-</span> 
     </span>
     <span class='ocr_line' id='line_1_8' title="bbox 207 2428 1325 2512; baseline -0.004 -16"><span class='ocrx_word' id='word_1_62' title='bbox 207 2437 317 2496; x_wconf 89' lang='lat' dir='ltr'>tatum.</span> <span class='ocrx_word' id='word_1_63' title='bbox 356 2430 439 2494; x_wconf 89' lang='lat' dir='ltr'>Nam</span> <span class='ocrx_word' id='word_1_64' title='bbox 463 2436 546 2512; x_wconf 86' lang='lat' dir='ltr'>sunt,</span> <span class='ocrx_word' id='word_1_65' title='bbox 571 2429 626 2512; x_wconf 92' lang='lat' dir='ltr'>qui</span> <span class='ocrx_word' id='word_1_66' title='bbox 648 2449 718 2494; x_wconf 91' lang='lat' dir='ltr'>curn</span> <span class='ocrx_word' id='word_1_67' title='bbox 735 2429 913 2493; x_wconf 91' lang='lat' dir='ltr'>orationum</span> <span class='ocrx_word' id='word_1_68' title='bbox 930 2428 1083 2494; x_wconf 89' lang='lat' dir='ltr'>maiorem</span> <span class='ocrx_word' id='word_1_69' title='bbox 1101 2436 1233 2511; x_wconf 90' lang='lat' dir='ltr'>partem,</span> <span class='ocrx_word' id='word_1_70' title='bbox 1258 2435 1325 2493; x_wconf 93' lang='lat' dir='ltr'>tum</span> 
     </span>
     <span class='ocr_line' id='line_1_9' title="bbox 207 2543 1327 2630; baseline -0.003 -20"><span class='ocrx_word' id='word_1_71' title='bbox 207 2546 344 2612; x_wconf 87' lang='lat' dir='ltr'>maxime</span> <span class='ocrx_word' id='word_1_72' title='bbox 374 2546 528 2630; x_wconf 90' lang='lat' dir='ltr'>epistolas</span> <span class='ocrx_word' id='word_1_73' title='bbox 559 2552 590 2610; x_wconf 89' lang='lat' dir='ltr'>et</span> <span class='ocrx_word' id='word_1_74' title='bbox 621 2545 785 2629; x_wconf 93' lang='lat' dir='ltr'>prooemia</span> <span class='ocrx_word' id='word_1_75' title='bbox 815 2545 955 2628; x_wconf 86' lang='lat' dir='ltr'>genuina</span> <span class='ocrx_word' id='word_1_76' title='bbox 986 2563 1057 2610; x_wconf 87' lang='lat' dir='ltr'>esse</span> <span class='ocrx_word' id='word_1_77' title='bbox 1087 2550 1213 2626; x_wconf 80' lang='lat' dir='ltr'>negent.</span> <span class='ocrx_word' id='word_1_78' title='bbox 1262 2543 1327 2608; x_wconf 88' lang='lat' dir='ltr'>Alii</span> 
     </span>
     <span class='ocr_line' id='line_1_10' title="bbox 207 2661 1324 2745; baseline -0.003 -19"><span class='ocrx_word' id='word_1_79' title='bbox 207 2668 314 2728; x_wconf 89' lang='lat' dir='ltr'>autem</span> <span class='ocrx_word' id='word_1_80' title='bbox 344 2669 376 2727; x_wconf 89' lang='lat' dir='ltr'>et</span> <span class='ocrx_word' id='word_1_81' title='bbox 404 2661 576 2727; x_wconf 86' lang='lat' dir='ltr'>maximam</span> <span class='ocrx_word' id='word_1_82' title='bbox 608 2668 730 2745; x_wconf 89' lang='lat' dir='ltr'>partem</span> <span class='ocrx_word' id='word_1_83' title='bbox 761 2661 941 2726; x_wconf 89' lang='lat' dir='ltr'>orationum</span> <span class='ocrx_word' id='word_1_84' title='bbox 965 2668 996 2726; x_wconf 89' lang='lat' dir='ltr'>et</span> <span class='ocrx_word' id='word_1_85' title='bbox 1020 2661 1173 2744; x_wconf 88' lang='lat' dir='ltr'>epistolas</span> <span class='ocrx_word' id='word_1_86' title='bbox 1198 2667 1229 2725; x_wconf 92' lang='lat' dir='ltr'>et</span> <span class='ocrx_word' id='word_1_87' title='bbox 1255 2679 1324 2743; x_wconf 92' lang='lat' dir='ltr'>pro-</span> 
     </span>
     <span class='ocr_line' id='line_1_11' title="bbox 126 2775 1136 2862; baseline -0.003 -17"><span class='ocrx_word' id='word_1_88' title='bbox 126 2807 130 2816; x_wconf 75' lang='lat'>‚</span> <span class='ocrx_word' id='word_1_89' title='bbox 208 2778 312 2845; x_wconf 89' lang='lat' dir='ltr'>oemia</span> <span class='ocrx_word' id='word_1_90' title='bbox 335 2798 355 2842; x_wconf 88' lang='lat' dir='ltr'>a</span> <span class='ocrx_word' id='word_1_91' title='bbox 380 2777 595 2844; x_wconf 80' lang='lat' dir='ltr'>Demosthene</span> <span class='ocrx_word' id='word_1_92' title='bbox 618 2777 687 2862; x_wconf 90' lang='lat' dir='ltr'>ipso</span> <span class='ocrx_word' id='word_1_93' title='bbox 712 2777 832 2861; x_wconf 89' lang='lat' dir='ltr'>scripta</span> <span class='ocrx_word' id='word_1_94' title='bbox 856 2797 927 2843; x_wconf 87' lang='lat' dir='ltr'>esse</span> <span class='ocrx_word' id='word_1_95' title='bbox 950 2775 1068 2842; x_wconf 89' lang='lat' dir='ltr'>dicunt.</span> <span class='ocrx_word' id='word_1_96' title='bbox 1133 2785 1136 2790; x_wconf 87' lang='lat'>&#39;</span> 
     </span>
    </p>
   </div>
   <div class='ocr_carea' id='block_1_2' title="bbox 207 2883 1327 3452">
    <p class='ocr_par' dir='ltr' id='par_1_2' title="bbox 207 2883 1327 3452">
     <span class='ocr_line' id='line_1_12' title="bbox 296 2883 1325 2986; baseline -0.002 -20"><span class='ocrx_word' id='word_1_97' title='bbox 296 2899 438 2980; x_wconf 79' lang='grc' dir='ltr'><strong><em>Πίνακες</em></strong></span> <span class='ocrx_word' id='word_1_98' title='bbox 457 2903 687 2968; x_wconf 81' lang='lat' dir='ltr'>Callimachi</span> <span class='ocrx_word' id='word_1_99' title='bbox 704 2900 863 2984; x_wconf 89' lang='lat' dir='ltr'>quomodo</span> <span class='ocrx_word' id='word_1_100' title='bbox 884 2901 944 2967; x_wconf 94' lang='lat' dir='ltr'>orti</span> <span class='ocrx_word' id='word_1_101' title='bbox 961 2902 1034 2984; x_wconf 92' lang='lat' dir='ltr'>sint,</span> <span class='ocrx_word' id='word_1_102' title='bbox 1053 2902 1106 2984; x_wconf 93' lang='lat' dir='ltr'>qui</span> <span class='ocrx_word' id='word_1_103' title='bbox 1119 2883 1325 2986; x_wconf 85' lang='lat' dir='ltr'>reputaverit,</span> 
     </span>
     <span class='ocr_line' id='line_1_13' title="bbox 207 3017 1326 3103; baseline -0.003 -20"><span class='ocrx_word' id='word_1_104' title='bbox 207 3019 235 3084; x_wconf 86' lang='lat' dir='ltr'>is</span> <span class='ocrx_word' id='word_1_105' title='bbox 259 3039 336 3084; x_wconf 90' lang='lat' dir='ltr'>sane</span> <span class='ocrx_word' id='word_1_106' title='bbox 361 3040 424 3084; x_wconf 94' lang='lat' dir='ltr'>non</span> <span class='ocrx_word' id='word_1_107' title='bbox 448 3017 625 3102; x_wconf 91' lang='lat' dir='ltr'>mirabitur,</span> <span class='ocrx_word' id='word_1_108' title='bbox 650 3017 678 3082; x_wconf 90' lang='lat' dir='ltr'>si</span> <span class='ocrx_word' id='word_1_109' title='bbox 702 3018 847 3103; x_wconf 87' lang='lat' dir='ltr'>permulti</span> <span class='ocrx_word' id='word_1_110' title='bbox 865 3017 1066 3101; x_wconf 88' lang='lat' dir='ltr'>addubitant,</span> <span class='ocrx_word' id='word_1_111' title='bbox 1092 3024 1194 3082; x_wconf 91' lang='lat' dir='ltr'>utrum</span> <span class='ocrx_word' id='word_1_112' title='bbox 1219 3017 1326 3082; x_wconf 79' lang='lat' dir='ltr'>culnia</span> 
     </span>
     <span class='ocr_line' id='line_1_14' title="bbox 207 3130 1325 3218; baseline -0.001 -19"><span class='ocrx_word' id='word_1_113' title='bbox 207 3155 307 3218; x_wconf 90' lang='lat' dir='ltr'>opera</span> <span class='ocrx_word' id='word_1_114' title='bbox 328 3135 369 3200; x_wconf 93' lang='lat' dir='ltr'>ab</span> <span class='ocrx_word' id='word_1_115' title='bbox 392 3134 448 3199; x_wconf 95' lang='lat' dir='ltr'>illo</span> <span class='ocrx_word' id='word_1_116' title='bbox 472 3135 503 3200; x_wconf 92' lang='lat' dir='ltr'>in</span> <span class='ocrx_word' id='word_1_117' title='bbox 528 3154 691 3200; x_wconf 90' lang='lat' dir='ltr'>numerum</span> <span class='ocrx_word' id='word_1_118' title='bbox 715 3145 879 3200; x_wconf 89' lang='lat' dir='ltr'>auctorum</span> <span class='ocrx_word' id='word_1_119' title='bbox 896 3135 1090 3200; x_wconf 80' lang='lat' dir='ltr'>Graecorum</span> <span class='ocrx_word' id='word_1_120' title='bbox 1107 3130 1240 3198; x_wconf 91' lang='lat' dir='ltr'>redacta</span> <span class='ocrx_word' id='word_1_121' title='bbox 1262 3133 1325 3198; x_wconf 91' lang='lat' dir='ltr'>sint</span> 
     </span>
     <span class='ocr_line' id='line_1_15' title="bbox 207 3248 1327 3334; baseline -0.002 -18"><span class='ocrx_word' id='word_1_122' title='bbox 207 3251 348 3334; x_wconf 83' lang='lat' dir='ltr'>genuina</span> <span class='ocrx_word' id='word_1_123' title='bbox 379 3271 489 3317; x_wconf 90' lang='lat' dir='ltr'>necne.</span> <span class='ocrx_word' id='word_1_124' title='bbox 543 3253 626 3316; x_wconf 89' lang='lat' dir='ltr'>Nam</span> <span class='ocrx_word' id='word_1_125' title='bbox 665 3251 758 3334; x_wconf 84' lang='lat' dir='ltr'>eopia</span> <span class='ocrx_word' id='word_1_126' title='bbox 792 3249 1044 3334; x_wconf 88' lang='lat' dir='ltr'>recipiendorum</span> <span class='ocrx_word' id='word_1_127' title='bbox 1081 3249 1230 3314; x_wconf 91' lang='lat' dir='ltr'>librorum</span> <span class='ocrx_word' id='word_1_128' title='bbox 1266 3248 1327 3314; x_wconf 85' lang='lat' dir='ltr'>luit</span> 
     </span>
     <span class='ocr_line' id='line_1_16' title="bbox 208 3364 1325 3452; baseline -0.002 -20"><span class='ocrx_word' id='word_1_129' title='bbox 208 3366 325 3452; x_wconf 88' lang='lat' dir='ltr'>maior,</span> <span class='ocrx_word' id='word_1_130' title='bbox 361 3388 455 3451; x_wconf 90' lang='lat' dir='ltr'>quam</span> <span class='ocrx_word' id='word_1_131' title='bbox 490 3388 569 3450; x_wconf 91' lang='lat' dir='ltr'>quos</span> <span class='ocrx_word' id='word_1_132' title='bbox 605 3367 632 3431; x_wconf 85' lang='lat' dir='ltr'>is</span> <span class='ocrx_word' id='word_1_133' title='bbox 667 3387 776 3432; x_wconf 88' lang='lat' dir='ltr'>omnes</span> <span class='ocrx_word' id='word_1_134' title='bbox 809 3366 1054 3450; x_wconf 83' lang='lat' dir='ltr'>diligentissime</span> <span class='ocrx_word' id='word_1_135' title='bbox 1087 3364 1325 3432; x_wconf 87' lang='lat' dir='ltr'>examinaverit.</span> 
     </span>
    </p>
   </div>
   <div class='ocr_carea' id='block_1_3' title="bbox 207 3469 1327 4264">
    <p class='ocr_par' dir='ltr' id='par_1_3' title="bbox 207 3469 1327 4264">
     <span class='ocr_line' id='line_1_17' title="bbox 209 3469 1327 3572; baseline -0.002 -26"><span class='ocrx_word' id='word_1_136' title='bbox 209 3482 356 3567; x_wconf 87' lang='lat' dir='ltr'>Inprimis</span> <span class='ocrx_word' id='word_1_137' title='bbox 387 3491 494 3549; x_wconf 89' lang='lat' dir='ltr'>autem</span> <span class='ocrx_word' id='word_1_138' title='bbox 533 3469 701 3572; x_wconf 66' lang='grc' dir='ltr'>ἀναγραφὴ</span> <span class='ocrx_word' id='word_1_139' title='bbox 733 3485 798 3547; x_wconf 80' lang='grc' dir='ltr'>τῶν</span> <span class='ocrx_word' id='word_1_140' title='bbox 834 3484 1010 3570; x_wconf 77' lang='grc' dir='ltr'><strong><em>ῥητορικῶν</em></strong></span> <span class='ocrx_word' id='word_1_141' title='bbox 1040 3502 1103 3547; x_wconf 90' lang='lat' dir='ltr'>non</span> <span class='ocrx_word' id='word_1_142' title='bbox 1136 3482 1182 3546; x_wconf 92' lang='lat' dir='ltr'>ita</span> <span class='ocrx_word' id='word_1_143' title='bbox 1209 3500 1327 3563; x_wconf 87' lang='lat' dir='ltr'>magna</span> 
     </span>
     <span class='ocr_line' id='line_1_18' title="bbox 208 3596 1325 3684; baseline -0.004 -20"><span class='ocrx_word' id='word_1_144' title='bbox 208 3619 285 3664; x_wconf 88' lang='lat' dir='ltr'>cura</span> <span class='ocrx_word' id='word_1_145' title='bbox 307 3599 395 3666; x_wconf 83' lang='lat' dir='ltr'>lacta</span> <span class='ocrx_word' id='word_1_146' title='bbox 418 3606 483 3684; x_wconf 90' lang='lat' dir='ltr'>est,</span> <span class='ocrx_word' id='word_1_147' title='bbox 516 3599 667 3683; x_wconf 93' lang='lat' dir='ltr'>quoniam</span> <span class='ocrx_word' id='word_1_148' title='bbox 692 3599 748 3663; x_wconf 89' lang='lat' dir='ltr'>illa</span> <span class='ocrx_word' id='word_1_149' title='bbox 771 3607 892 3683; x_wconf 89' lang='lat' dir='ltr'>aetate,</span> <span class='ocrx_word' id='word_1_150' title='bbox 924 3598 978 3663; x_wconf 91' lang='lat' dir='ltr'>ubi</span> <span class='ocrx_word' id='word_1_151' title='bbox 1003 3597 1195 3663; x_wconf 89' lang='lat' dir='ltr'>circumacta</span> <span class='ocrx_word' id='word_1_152' title='bbox 1218 3596 1325 3661; x_wconf 91' lang='lat' dir='ltr'>turbu-</span> 
     </span>
     <span class='ocr_line' id='line_1_19' title="bbox 207 3715 1325 3799; baseline -0.004 -20"><span class='ocrx_word' id='word_1_153' title='bbox 207 3716 294 3781; x_wconf 85' lang='lat' dir='ltr'>lenta</span> <span class='ocrx_word' id='word_1_154' title='bbox 316 3716 372 3781; x_wconf 92' lang='lat' dir='ltr'>illa</span> <span class='ocrx_word' id='word_1_155' title='bbox 396 3722 602 3799; x_wconf 85' lang='lat' dir='ltr'>tempestate,</span> <span class='ocrx_word' id='word_1_156' title='bbox 634 3736 698 3799; x_wconf 91' lang='lat' dir='ltr'>qua</span> <span class='ocrx_word' id='word_1_157' title='bbox 729 3716 815 3780; x_wconf 90' lang='lat' dir='ltr'>elata</span> <span class='ocrx_word' id='word_1_158' title='bbox 842 3722 891 3780; x_wconf 85' lang='lat' dir='ltr'>est</span> <span class='ocrx_word' id='word_1_159' title='bbox 915 3715 1017 3780; x_wconf 88' lang='lat' dir='ltr'>libera</span> <span class='ocrx_word' id='word_1_160' title='bbox 1041 3715 1235 3780; x_wconf 84' lang='lat' dir='ltr'>Graecorum</span> <span class='ocrx_word' id='word_1_161' title='bbox 1260 3733 1325 3776; x_wconf 88' lang='lat' dir='ltr'>res-</span> 
     </span>
     <span class='ocr_line' id='line_1_20' title="bbox 208 3829 1325 3916; baseline -0.003 -21"><span class='ocrx_word' id='word_1_162' title='bbox 208 3831 353 3916; x_wconf 90' lang='lat' dir='ltr'>publica,</span> <span class='ocrx_word' id='word_1_163' title='bbox 379 3853 488 3897; x_wconf 85' lang='lat' dir='ltr'>omnes</span> <span class='ocrx_word' id='word_1_164' title='bbox 513 3852 624 3915; x_wconf 88' lang='lat' dir='ltr'>pacem</span> <span class='ocrx_word' id='word_1_165' title='bbox 648 3833 845 3916; x_wconf 89' lang='lat' dir='ltr'>appetebant</span> <span class='ocrx_word' id='word_1_166' title='bbox 869 3838 901 3896; x_wconf 90' lang='lat' dir='ltr'>el</span> <span class='ocrx_word' id='word_1_167' title='bbox 925 3830 1152 3897; x_wconf 85' lang='lat' dir='ltr'>desiderabant</span> <span class='ocrx_word' id='word_1_168' title='bbox 1176 3829 1325 3912; x_wconf 87' lang='lat' dir='ltr'>quietem,</span> 
     </span>
     <span class='ocr_line' id='line_1_21' title="bbox 208 3946 1326 4032; baseline -0.004 -20"><span class='ocrx_word' id='word_1_169' title='bbox 208 3949 249 4014; x_wconf 89' lang='lat' dir='ltr'>ab</span> <span class='ocrx_word' id='word_1_170' title='bbox 265 3969 303 4013; x_wconf 89' lang='lat' dir='ltr'>eo</span> <span class='ocrx_word' id='word_1_171' title='bbox 320 3949 483 4014; x_wconf 89' lang='lat' dir='ltr'>literarum</span> <span class='ocrx_word' id='word_1_172' title='bbox 500 3968 627 4032; x_wconf 86' lang='lat' dir='ltr'>genere,</span> <span class='ocrx_word' id='word_1_173' title='bbox 645 3948 744 4032; x_wconf 86' lang='lat' dir='ltr'>stirpe</span> <span class='ocrx_word' id='word_1_174' title='bbox 761 3968 799 4012; x_wconf 91' lang='lat' dir='ltr'>ac</span> <span class='ocrx_word' id='word_1_175' title='bbox 815 3947 936 4013; x_wconf 89' lang='lat' dir='ltr'>semine</span> <span class='ocrx_word' id='word_1_176' title='bbox 952 3947 1098 4030; x_wconf 84' lang='lat' dir='ltr'>gravium</span> <span class='ocrx_word' id='word_1_177' title='bbox 1117 3946 1326 4031; x_wconf 90' lang='lat' dir='ltr'>procellarum</span> 
     </span>
     <span class='ocr_line' id='line_1_22' title="bbox 209 4061 1326 4147; baseline -0.004 -18"><span class='ocrx_word' id='word_1_178' title='bbox 209 4072 240 4130; x_wconf 90' lang='lat' dir='ltr'>et</span> <span class='ocrx_word' id='word_1_179' title='bbox 265 4084 368 4130; x_wconf 92' lang='lat' dir='ltr'>rerum</span> <span class='ocrx_word' id='word_1_180' title='bbox 393 4085 556 4147; x_wconf 88' lang='lat' dir='ltr'>novarum,</span> <span class='ocrx_word' id='word_1_181' title='bbox 581 4085 642 4130; x_wconf 90' lang='lat' dir='ltr'>non</span> <span class='ocrx_word' id='word_1_182' title='bbox 668 4062 762 4129; x_wconf 93' lang='lat' dir='ltr'>modo</span> <span class='ocrx_word' id='word_1_183' title='bbox 779 4063 1004 4147; x_wconf 77' lang='lat' dir='ltr'>Callimachus,</span> <span class='ocrx_word' id='word_1_184' title='bbox 1029 4061 1199 4128; x_wconf 90' lang='lat' dir='ltr'>sedetiam</span> <span class='ocrx_word' id='word_1_185' title='bbox 1217 4081 1326 4126; x_wconf 86' lang='lat' dir='ltr'>omnes</span> 
     </span>
     <span class='ocr_line' id='line_1_23' title="bbox 208 4179 821 4264; baseline 0.002 -19"><span class='ocrx_word' id='word_1_186' title='bbox 208 4180 277 4246; x_wconf 87' lang='lat' dir='ltr'>eius</span> <span class='ocrx_word' id='word_1_187' title='bbox 301 4183 454 4264; x_wconf 89' lang='lat' dir='ltr'>aequales</span> <span class='ocrx_word' id='word_1_188' title='bbox 478 4179 572 4246; x_wconf 90' lang='lat' dir='ltr'>valde</span> <span class='ocrx_word' id='word_1_189' title='bbox 597 4179 821 4246; x_wconf 88' lang='lat' dir='ltr'>abhorrebant.</span> 
     </span>
    </p>
   </div>
   <div class='ocr_carea' id='block_1_4' title="bbox 298 4301 1326 4389">
    <p class='ocr_par' dir='ltr' id='par_1_4' title="bbox 298 4301 1326 4389">
     <span class='ocr_line' id='line_1_24' title="bbox 298 4301 1326 4389; baseline -0.005 -19"><span class='ocrx_word' id='word_1_190' title='bbox 298 4305 389 4383; x_wconf 78' lang='lat' dir='ltr'>Quae</span> <span class='ocrx_word' id='word_1_191' title='bbox 414 4326 484 4372; x_wconf 91' lang='lat' dir='ltr'>cum</span> <span class='ocrx_word' id='word_1_192' title='bbox 508 4305 653 4389; x_wconf 78' lang='lat' dir='ltr'>basini,</span> <span class='ocrx_word' id='word_1_193' title='bbox 688 4303 990 4372; x_wconf 87' lang='lat' dir='ltr'>Demosthenis</span> <span class='ocrx_word' id='word_1_194' title='bbox 1015 4304 1061 4370; x_wconf 91' lang='lat' dir='ltr'>de</span> <span class='ocrx_word' id='word_1_195' title='bbox 1087 4301 1326 4369; x_wconf 89' lang='lat' dir='ltr'>collectione</span> 
     </span>
    </p>
   </div>
   <div class='ocr_carea' id='block_1_5' title="bbox 208 4421 1325 4573">
    <p class='ocr_par' dir='ltr' id='par_1_5' title="bbox 208 4421 1325 4573">
     <span class='ocr_line' id='line_1_25' title="bbox 208 4421 1325 4543; baseline -0.002 -57"><span class='ocrx_word' id='word_1_196' title='bbox 208 4421 525 4506; x_wconf 90' lang='lat' dir='ltr'>prooemiorum,</span> <span class='ocrx_word' id='word_1_197' title='bbox 551 4441 646 4504; x_wconf 86' lang='lat' dir='ltr'>quam</span> <span class='ocrx_word' id='word_1_198' title='bbox 663 4421 905 4506; x_wconf 88' lang='lat' dir='ltr'>suppositiciam</span> <span class='ocrx_word' id='word_1_199' title='bbox 918 4443 989 4487; x_wconf 88' lang='lat' dir='ltr'>esse</span> <span class='ocrx_word' id='word_1_200' title='bbox 1006 4421 1133 4506; x_wconf 94' lang='lat' dir='ltr'>plurimi</span> <span class='ocrx_word' id='word_1_201' title='bbox 1146 4421 1325 4543; x_wconf 58' lang='lat' dir='ltr'>priticorum</span> 
     </span>
     <span class='ocr_line' id='line_1_26' title="bbox 1130 4514 1145 4573; baseline 0 0"><span class='ocrx_word' id='word_1_202' title='bbox 1130 4514 1145 4573; x_wconf 87' lang='lat'>1</span> 
     </span>
    </p>
   </div>
   <div class='ocr_carea' id='block_1_6' title="bbox 0 0 1559 4912">
    <p class='ocr_par' dir='ltr' id='par_1_6' title="bbox 0 0 1559 4912">
     <span class='ocr_line' id='line_1_27' title="bbox 0 0 1559 4912; baseline 0 0"><span class='ocrx_word' id='word_1_203' title='bbox 0 0 1559 4912; x_wconf 95' lang='lat' dir='ltr'> </span> 
     </span>
    </p>
   </div>
  </div>
 </body>
</html>
