3102 4912
715 450 873 548 fs.-.
921 488 923 492 ·

235 682 325 747 vero,
357 661 412 744 qui
443 683 543 746 propo
574 669 708 747 poooata
736 669 826 746 suut,
858 661 888 726 id
920 669 983 745 est,
1013 661 1066 743 qui
1096 660 1355 728 animadvertunt

236 785 432 844 euuamsua.
480 779 736 844 1110111118.-

328 895 422 978 1451,
447 893 479 980 2]
504 893 633 974 νιαρὲχει
659 933 698 942 -
723 894 791 960 soil.
815 888 853 959 τὸ
877 896 983 970 κακῶς
1000 884 1163 980 πράσσειν.
1210 895 1267 960 Ille
1283 895 1354 979 ipso

236 1011 390 1075 malorum
414 1030 527 1076 sensus
552 1011 675 1077 sobrios
699 1019 732 1076 et
755 1009 937 1076 moderatos
961 1009 1047 1076 15111.
1089 1009 1263 1076 Wolfius.
1289 1047 1330 1055 —-

327 1128 427 1212 1451,
460 1123 492 1214 4]
529 1113 621 1191 οὐδὲν
652 1121 711 1212 γὰρ
747 1116 819 1191 obbo
852 1123 1107 1214 φαλανσομένοις
1136 1117 1219 1190 οὕτω
1251 1119 1355 1191 δεινὸν

236 1234 311 1307 ὥστ’
328 1228 515 1328 ἀφύλακτον
539 1235 630 1322 εἶναι,
654 1232 727 1307 vibo
743 1229 952 1328 ὀλιγωροῦσιν
968 1229 1214 1328 ἀπροσδόκητον
1231 1245 1356 1306 παθεῖν

236 1377 340 1439 nequo
364 1357 448 1423 enim
472 1357 645 1441 quidquam
680 1353 865 1425 caventibus
898 1367 947 1423 est
976 1357 1058 1424 adeo
1082 1356 1288 1441 horrendum,
1319 1365 1355 1422 ut

236 1472 315 1537 nihil
338 1473 492 1558 praesidii
516 1475 567 1559 sit,
591 1494 695 1556 noque
719 1475 817 1539 ullum
841 1475 959 1539 malum
982 1472 1180 1557 socordibus,
1204 1472 1289 1556 quod
1306 1473 1355 1539 eis

236 1589 476 1674 inopinantibus
500 1611 563 1656 non
588 1591 723 1670 eveniat.
749 1629 790 1637 —

329 1709 423 1790 1451,
449 1705 548 1795 4-6]
574 1709 612 1772 α’.
638 1728 680 1772 01'.
706 1707 786 1771 Phil.
810 1708 834 1771 1.
859 1710 911 1790 41,
937 1709 956 1770 2
980 1726 1049 1789 sqq.
1075 1743 1117 1752 —
1179 1783 1182 1789 ,

328 1824 423 1906 1451,
451 1821 513 1910 10]
531 1815 639 1908 ὥσπερ
663 1821 733 1888 ἐστὶ
757 1825 923 1910 προσῆκον
946 1813 1131 1909 φάσκοντας
1154 1845 1189 1907 γε
1211 1817 1357 1908 μοδένων

236 1925 482 2003 ἀπολείπεσθαι
505 1941 550 2025 τῷ
575 1943 752 2026 σωφρονεῖν
783 1977 824 1986 -
856 1937 899 2004 ad
928 1935 997 2004 ἐστὶ
1021 1939 1187 2024 προσῆκον
1217 1936 1356 2003 subaudi

237 2045 464 2141 φυλάξασθαι
498 2062 532 2120 nt
562 2075 618 2121 eos
642 2055 752 2139 docet,
784 2055 838 2138 qui
869 2054 978 2120 dieunt
1011 2053 1140 2137 quidem
1171 2074 1206 2120 so
1234 2053 1357 2119 nemini

237 2168 351 2236 cedere
374 2169 539 2238 modestia.
574 2209 606 2218 -
793 2171 795 2178 ’

512 2330 870 2413 Prooemium
901 2333 1086 2414 XLIV.

329 2483 423 2565 1451,
449 2480 503 2570 23]
537 2473 649 2559 ἄλλοις
676 2521 714 2528 -—
740 2492 840 2568 recte,
871 2504 934 2548 non
957 2472 1090 2561 ἄλλους,
1120 2489 1154 2548 ui
1176 2480 1357 2547 Reiskio

235 2593 370 2662 videtur.
395 2634 436 2644 --

328 2715 423 2797 1451,
441 2711 494 2800 24]
519 2707 601 2796 μετὰ
617 2706 740 2779 τούτων
764 2753 805 2761 -
829 2715 938 2794 idest,
960 2711 990 2780 οἱ
1007 2702 1110 2780 nain&
1126 2705 1359 2801 γιγνώσκοντες

236 2825 318 2908 ἐμοὶ.
343 2866 385 2874 -

329 2948 423 3030 1451,
448 2941 504 3031 24]
536 2940 611 3024 τοὺς
634 2942 760 3031 ἑτέρους
791 2986 826 2994 -
863 2947 983 3032 idest,
1008 2943 1040 3013 οἱ
1062 2935 1218 3012 τάναντία
1241 2939 1360 3034 γιγνώ-

236 3082 368 3138 σκοντες
391 3058 473 3144 ἐμοί.
498 3100 539 3108 -

329 3181 424 3263 1452,
449 3179 481 3265 2]
503 3175 571 3261 μέτ’
595 3175 722 3264 ἐλέγχον
748 3218 787 3225 -
814 3179 1069 3264 coniungendum
1086 3189 1136 3247 est
1152 3201 1222 3247 oum
1246 3175 1358 3246 ἔσεσθ’

236 3286 396 3382 ᾑρημένοι.
422 3331 464 3340 -

525 3420 884 3503 Ρνοοονω1ωνω
913 3425 1067 3505 XLV.

326 3563 374 3627 De
399 3561 460 3628 hoo
482 3562 646 3646 prooemio
670 3561 744 3628 vido
768 3583 866 3647 supra
889 3585 919 3647 p.
946 3566 985 3629 17
1010 3585 1079 3647 sqq.

329 3681 423 3762 1452,
451 3675 502 3764 10]
527 3672 570 3764 μὴ
595 3663 868 3766 κεχωρισμένον]
891 3671 988 3764 λόγον
1009 3677 1114 3745 εἰπεῖν
1137 3675 1169 3745 εὐ
1195 3677 1249 3744 καὶ
1272 3703 1358 3766 προ-

236 3790 371 3858 ελέσθαι
395 3784 572 3879 πράγματα
594 3791 800 3882 συμφέροντα
832 3834 872 3842 -
904 3816 944 3861 ue
968 3796 1056 3862 aliud
1080 3797 1122 3862 811
1145 3795 1357 3880 probabiliter

237 3907 352 3992 dinero,
376 3908 463 3974 aliud
488 3909 622 3975 oonsilio
645 3910 724 3976 inire
749 3912 911 3976 salutaria.
959 3912 1212 3979 Sohaoforus.
1238 3949 1278 3957 -

328 4023 494 4112 1452,14]
519 4027 583 4089 τῶν
607 4020 666 4112 γὰρ
689 4024 883 4109 εἰθισμένων
906 4031 1002 4092 τοῦτο
1026 4023 1063 4093 τὸ
1088 4031 1222 4115 νῑρᾶγμα
1246 4065 1286 4074 ——
1313 4029 1356 4094 ad

236 4137 431 4224 εἰθισμένων
454 4140 591 4206 subaudi
614 4138 730 4227 λέγεινε
762 4164 956 4209 nonnosum
982 4151 1046 4229 est,
1080 4144 1134 4229 qui
1162 4145 1194 4208 in
1218 4143 1356 4210 dioendo

237 4264 311 4323 sunt
333 4256 509 4323 exercitati.
534 4294 575 4303 -
